2722 4658
1107 226 1149 294 ts

39 455 41 460 .
75 413 280 500 adjicientur,
310 410 508 500 gravissime
537 410 573 475 in
605 411 677 496 ipss
709 411 809 478 sadra
839 412 953 480 insunt
984 424 1195 503 arguments,

73 542 158 607 qsee
179 521 352 609 Trajanum
374 540 470 606 quam
495 519 633 586 maxime
659 521 896 588 commendent
938 523 1084 592 Primum
1105 523 1191 594 The-

71 633 189 700 baidos
210 632 306 702 Statii
327 630 566 710 recitationem,
588 637 714 698 utrem
734 649 841 719 nuper
861 641 967 699 sctum
989 642 1023 701 et
1038 636 1190 705 omnibus

71 752 185 810 notam
206 748 438 810 commemorat
458 738 629 822 luvenalis
651 761 683 805 v.
705 742 747 808 82
763 762 814 827 sq.
845 741 986 812 Statium
1001 753 1110 812 sutem
1125 745 1192 814 huo.

71 875 156 940 opus
188 854 276 920 intra
306 870 410 919 annos
443 849 569 916 80-92
595 852 778 921 confecisse
805 855 903 921 docet
928 850 1122 925 Dodwellus
1152 857 1190 923 iu

70 964 162 1030 Anu.
183 963 267 1033 Stet.
288 984 322 1048 p⁴
345 961 407 1026 202
429 976 478 1047 sq·
521 960 572 1026 At
593 961 623 1027 si
644 961 706 1028 sub
726 961 897 1032 Hadriano
920 964 1092 1052 septimam
1113 966 1191 1032 sati·

72 1088 144 1140 rsm
165 1071 368 1139 condidisset
381 1070 571 1157 iuvenalis,
592 1073 710 1138 mirum
732 1090 811 1139 sene
831 1075 966 1160 fuisset,
987 1084 1025 1142 ut
1044 1076 1191 1145 rectissi-

68 1204 122 1250 me
143 1190 256 1250 monet
276 1180 462 1250 Voelkerus
483 1183 507 1248 1.
523 1203 551 1247 e.
566 1205 600 1269 p.
618 1175 670 1270 96,
692 1184 734 1251 ed
754 1191 904 1270 tempore
923 1186 1191 1274 praesentiscer-

69 1293 179 1380 penda
199 1292 234 1360 id
256 1302 460 1376 convertere,
482 1293 573 1378 quod
594 1303 668 1362 ante
695 1295 832 1383 triginta
857 1295 989 1363 circiter
1008 1314 1113 1364 annos
1136 1282 1211 1392 ec?

70 1400 216 1471 uidisset
259 1405 371 1490 Atque
402 1403 499 1470 etiam
531 1403 635 1469 multo
668 1404 774 1492 magis
806 1404 990 1472 mirandum
1021 1392 1189 1475 rideretur

69 1533 143 1582 eum
165 1522 243 1580 tunc
264 1534 380 1581 versus
409 1513 535 1577 90-93
564 1520 640 1579 ante
673 1513 889 1602 quodraginta
920 1515 988 1582 iere
1020 1537 1124 1584 annos
1152 1517 1188 1583 iu

68 1624 220 1693 Paridem
241 1623 450 1709 conscriptos
476 1630 706 1690 revocaturum
733 1623 853 1708 fuisse,
880 1642 964 1710 quos
991 1644 1087 1692 nemo
1108 1624 1190 1693 Rib-

67 1734 185 1802 bsokio
208 1733 258 1822 (in
278 1732 380 1820 presi.
403 1733 454 1798 ed.
476 1733 556 1800 dur.
578 1757 612 1821 p.
633 1734 704 1821 111)
727 1732 839 1801 credet
858 1727 1055 1802 iuvenalem
1073 1736 1190 1820 ”qussi

66 1840 272 1931 postliminio
305 1858 493 1927 revocasse,
527 1861 627 1928 quum
659 1845 793 1911 alteram
819 1844 873 1912 vel
898 1845 1017 1934 integri
1039 1843 1191 1931 corporis

66 1954 122 2020 rel
143 1953 300 2039 septimae
323 1954 443 2021 satirae
464 1952 643 2023 editionem
669 1957 839 2041 paravisse
865 1956 996 2022 videtur
1022 1950 1111 2022 eirca
1132 1974 1189 2022 an·

66 2080 146 2131 uum
168 2064 258 2130 136.ἣ
306 2057 472 2132 Ooncedit
497 2066 585 2132 enim
610 2063 812 2132 Ribbeck-ius
840 2082 971 2150 quoque
998 2064 1083 2131 hanc
1111 2065 1190 2131 sati·

65 2193 135 2242 ram
157 2175 220 2243 suh
241 2173 382 2263 Trejeno
405 2177 620 2261 compositam
640 2175 813 2260 primoque
835 2176 955 2243 editam
971 2195 1056 2243 esse.
1088 2171 1191 2260 Quod

66 2305 147 2350 vero
169 2285 396 2369 Quintilianus
418 2304 449 2346 v.
473 2284 535 2346 188
558 2304 607 2366 sq·
630 2301 692 2366 pro
713 2284 883 2350 rarissimo
903 2285 1095 2372 locupletati
1115 2285 1191 2352 rhe-

67 2392 150 2458 toris
176 2392 325 2478 exemplo
351 2391 527 2475 inducitur,
553 2409 622 2458 non
648 2400 713 2474 eat,
746 2391 836 2477 quod
863 2394 1003 2480 epistole
1023 2394 1125 2460 Plinii
1146 2395 1189 2461 32

67 2504 146 2570 libri
167 2502 219 2571 VI
241 2505 282 2570 ad
303 2502 542 2589 Quintilianum
563 2503 726 2588 quendem
746 2504 928 2572 ”modicum
949 2504 1191 2590 facultatibns”,

66 2615 120 2680 oui
141 2614 380 2704 quinquaginta
405 2614 496 2681 milis
526 2630 692 2682 nummum
718 2614 754 2681 in
776 2613 891 2682 dotem
912 2611 1001 2682 filiae
1027 2625 1190 2704 nupturae

67 2743 103 2792 se
135 2725 330 2791 collaturum
361 2725 527 2811 promisit,
561 2722 676 2792 eodem
703 2725 772 2792 fere
804 2732 951 2812 tempore
983 2722 1060 2793 (itte
1090 2727 1189 2794 nobis

65 2836 302 2904 dubitationem
322 2843 463 2902 mereat.
507 2829 670 2902 Confecta
696 2835 784 2902 enim
809 2850 862 2901 res
889 2835 1002 2903 haberi
1029 2836 1127 2904 dehet
1146 2837 1190 2904 de

66 2946 131 3012 hoc
156 2945 370 3030 Quintiliano,
403 2956 500 3027 quem
524 2942 663 3010 Fabium
694 2944 787 3011 illum
819 2945 984 3012 rhetorem
1014 2967 1082 3012 nnn
1114 2962 1189 3014 esse

61 3057 132 3141 jam
162 3054 247 3120 vidit
271 3053 484 3141 Spaldingins
519 3052 554 3119 in
586 3054 688 3140 praef.
710 3074 744 3141 p.
765 3067 862 3117 xxxi
883 3077 932 3141 sq.
955 3062 990 3121 et
1010 3054 1052 3120 sd
1073 3055 1188 3141 Quint.

65 3158 156 3230 1111
184 3165 223 3228 21
248 3169 345 3251 atque
371 3161 580 3230 Hermannue
601 3162 624 3227 1.
647 3184 674 3228 c.
699 3186 732 3251 p.
756 3165 798 3227 17
827 3180 878 3248 sq.
898 3165 1027 3231 idoneis
1053 3164 1190 3232 rationi·

65 3275 129 3342 bus
152 3275 279 3341 chundo
299 3273 463 3360 probavit
495 3268 606 3341 Docet
627 3273 712 3340 enim
734 3295 801 3339 non
822 3296 896 3341 esse
918 3271 1073 3342 credibile
1084 3275 1189 3362 Qudn-

66 3385 215 3451 tiliarum
246 3384 409 3451 rhetorem
428 3384 483 3451 his
510 3384 711 3472 temporibus
743 3392 811 3449 tam
842 3405 1019 3471 pauperem
1045 3387 1191 3470 vixisse,

68 3517 165 3580 quem
186 3517 207 3560 a
228 3493 437 3580 Vespasiano
460 3493 580 3560 salerio
603 3494 736 3582 publice
758 3495 937 3562 constituto
959 3495 1116 3563 donatum
1137 3517 1187 3580 ec,

65 3613 241 3692 postquam
262 3612 365 3670 artem
385 3625 445 3689 per
466 3604 585 3694 viginti
606 3621 712 3672 annos
732 3605 901 3692 professus
924 3615 1027 3689 esset,
1049 3605 1188 3674 honesta

65 3715 223 3782 missione
255 3726 391 3802 accepta
423 3723 613 3782 ornamenta
645 3715 830 3784 consularia
857 3739 877 3782 a
902 3716 1095 3784 Domitiano
1127 3735 1188 3802 per

68 3820 273 3892 Clementem
293 3824 474 3891 Domitiani
498 3826 694 3912 patruelem,-
727 3828 821 3914 cujus
848 3826 970 3894 liberos
998 3826 1188 3911 educasset,

66 3937 243 4022 impetrata
274 3935 418 4020 (Asson.
447 3933 483 4000 in
514 3943 598 4022 grat.
624 3944 687 4001 ant
714 3936 756 4003 sd
787 3935 882 4005 (irat.
907 3959 941 4023 p.
964 3937 1029 4001 290
1055 3937 1106 4004 cd·
1128 3933 1186 4003 Bi·

68 4045 179 4133 punt)
200 4051 331 4110 nectum
351 4064 425 4112 esse
446 4053 583 4112 constet
618 4042 801 4114 Confirmat
820 4047 903 4114 haee
918 4053 953 4113 et
968 4046 1091 4117 orbitas
1113 4047 1187 4114 rhe-

67 4156 152 4224 toris
174 4155 215 4222 eb
236 4156 311 4240 ipso
333 4155 368 4221 in
389 4156 489 4243 praef.
511 4156 588 4223 libri
609 4154 663 4224 Vl
682 4157 853 4245 deplorata
873 4165 908 4224 et
928 4158 1093 4226 silentium
1114 4157 1184 4248 Pli-

68 4266 117 4335 nii
137 4264 178 4334 de
199 4264 379 4353 disciplina
399 4262 610 4357 Quintiliani,
637 4290 703 4356 quc
728 4286 764 4340 se
790 4280 885 4340 usum
912 4285 986 4340 esse
1007 4268 1082 4338 aliis
1103 4268 1247 4398 ¹⁰}ss—
