2722 4658
371 417 483 490 Accepit
499 427 558 465 mea
573 415 748 479 rusticumque
765 415 830 464 fecit

371 512 445 561 Auro
463 509 567 561 Bilbilis
584 517 610 559 et
628 508 738 573 superba
753 508 831 559 ferro.

118 628 200 695 Inde
221 628 307 695 enim
330 627 485 714 colligere
505 626 582 691 licet
603 625 795 694 Iuvenalem
822 625 924 691 fuisse
945 627 1031 690 inter
1052 625 1175 696 amieos
1196 628 1235 693 il-

119 741 187 822 los,
213 760 296 824 quos
323 737 499 820 vocabant,
531 745 647 801 tenues
676 756 733 800 sen
759 735 923 819 modicos,
950 757 1088 820 quorum
1115 737 1149 801 in
1176 760 1236 803 nu-

120 872 209 916 mero
231 847 397 913 Martialis
419 853 520 913 semet
541 846 649 932 ipsum
670 866 828 931 reponere
850 847 980 912 videtur
992 847 1029 936 ¹).
1062 847 1173 934 Atque
1194 849 1236 932 ad

119 960 258 1027 eandem
289 957 434 1024 modicae
466 955 665 1047 conditionis
699 955 969 1043 significationem
1000 957 1102 1023 verba
1135 957 1237 1024 setl

121 1094 152 1137 v.
177 1069 255 1134 100:
278 1071 371 1133 ''nam
390 1075 511 1133 vexant
531 1066 629 1131 limen
656 1073 690 1132 et
717 1065 782 1151 ipsi
807 1067 998 1160 nobiseum”
1024 1076 1100 1154 apte
1122 1069 1237 1135 referri
1308 1052 1315 1060 ’

120 1188 271 1266 possunt

226 1282 304 1373 Sed*
319 1305 382 1371 hoo
405 1305 599 1389 tribunatus
631 1304 737 1386 titulo,
771 1325 835 1390 quo
863 1304 1035 1372 Iuvenalis
1065 1309 1131 1394 jam
1163 1316 1238 1374 ante

123 1418 255 1485 exilium
276 1425 410 1482 ornatus
438 1416 517 1499 suit,
550 1414 632 1479 aliae
658 1436 786 1500 quoque
813 1437 866 1480 res
894 1416 1015 1500 optime
1043 1440 1120 1484 sane
1142 1441 1239 1505 expe·

124 1529 266 1594 diuntur.
297 1526 431 1593 Novam
452 1525 601 1610 profecto
623 1524 728 1588 lucem
744 1525 842 1589 affert
858 1524 967 1591 verbis
985 1525 1139 1610 vitarum,
1157 1552 1240 1615 quae
1327 1572 1330 1576 ,

123 1635 253 1725 poetam
286 1639 365 1723 ''per
391 1635 550 1700 honorem
581 1634 747 1714 militiac”,
780 1634 932 1699 ”obtentu
964 1634 1128 1720 militiae''‚
1160 1639 1241 1704 ”sub

60 1805 69 1817 ,
122 1751 234 1834 specie
255 1746 419 1828 honoris”,
452 1744 531 1836 ”sub
558 1745 695 1812 honoris
727 1749 915 1830 praetextae
941 1745 1022 1811 urbe
1046 1729 1242 1814 summotum

124 1880 239 1925 omues
261 1856 434 1921 affirmant.
477 1853 565 1920 Nam
586 1854 661 1938 quis
681 1875 747 1920 non
764 1855 859 1920 'videt
880 1853 928 1921 ita
948 1856 1047 1944 longe
1069 1858 1178 1942 aptius
1201 1859 1243 1924 de

124 1969 257 2047 homine
288 1966 421 2032 militari
453 1965 530 2031 dici·
550 1987 666 2051 posse,
698 1987 794 2052 quarn
823 1966 852 2033 si
884 1966 974 2052 quis,
1006 1966 1096 2033 nulla
1128 1969 1244 2035 militia

124 2079 341 2166 qualicunque
368 2078 516 2161 functus,
547 2075 707 2143 militibus
730 2077 765 2141 iu
792 2077 945 2142 extremis
972 2078 1100 2166 imperii
1120 2078 1243 2145 finibus

124 2191 310 2279 praefectus
342 2209 415 2254 esse
448 2194 591 2272 putetur,
611 2208 653 2251 ne
674 2185 796 2269 dicam,
824 2209 920 2272 qnam
952 2188 1133 2255 inauditum
1157 2189 1245 2258 futu-

126 2323 197 2366 rum
224 2298 324 2364 fuerit
349 2298 385 2360 in
411 2296 542 2360 homine
573 2294 713 2378 privato,
740 2295 858 2360 litteris
891 2318 1019 2382 semper
1046 2298 1170 2381 dedito,
1196 2308 1246 2365 ta·

126 2409 192 2473 lem
219 2404 308 2471 exilii
336 2403 478 2491 speciem
504 2423 659 2489 quaerere
686 2409 783 2485 atque
811 2402 856 2486 ei,
884 2426 919 2469 re
950 2406 1084 2472 militari
1111 2409 1245 2475 omnino

129 2517 248 2601 alieno,
269 2505 381 2581 curam
400 2511 549 2578 cohortis
571 2498 881 2595 mandarejquum,
910 2514 1072 2600 siquidem
1098 2521 1247 2605 remxho-

129 2635 223 2695 nesta
243 2623 502 2713 praescriptione
533 2629 647 2708 tegere
672 2621 841 2705 volebant,
867 2623 957 2690 aliud
984 2627 1154 2715 quidpiam
1179 2653 1248 2696 ma·
1320 2682 1325 2687 .

128 2738 253 2805 chinari
287 2734 374 2802 haud
406 2732 503 2799 dubie
536 2731 618 2797 nihil
651 2732 777 2820 negotii
803 2742 901 2801 esset.
924 2734 976 2800 Ae
997 2758 1039 2802 ne
1066 2738 1150 2804 illud
1177 2741 1249 2824 qui·

92 2877 93 2880 ¹
128 2850 218 2931 dem,
246 2847 275 2914 si
300 2847 478 2931 imperator
508 2865 647 2932 poenam
668 2843 703 2907 in
731 2842 843 2914 delicti
869 2846 922 2911 vel
955 2849 1066 2932 potius
1098 2873 1249 2918 reruma

85 3017 87 3022 .
129 2957 292 3026 Iuvenale
313 2954 582 3043 reprehensurum
603 2953 848 3018 similitudinem
864 2954 1006 3041 dirigere
1022 2959 1136 3042 voluit,
1159 2962 1249 3044 quod

131 3068 320 3158 significant
340 3065 454 3132 verba:
476 3067 529 3127 ”et
551 3071 582 3127 te
603 3061 785 3128 Philomela
800 3064 996 3149 promovit¹'‚
1018 3067 1135 3134 idonea
1151 3091 1251 3157 causa

130 3177 292 3267 ejusmodi
312 3198 452 3263 poenam
473 3173 638 3242 statuendi
659 3173 817 3240 exsistere
844 3175 993 3260 potuisse
1018 3177 1158 3264 videtur,
1185 3174 1251 3248 nisi

132 3293 167 3357 in
194 3289 357 3356 hominem
388 3287 575 3367 militarem,
601 3306 621 3349 a
649 3306 714 3368 quo
747 3287 831 3351 tales
863 3294 1010 3371 repetere
1041 3312 1182 3376 poenas,
1213 3299 1251 3379 ut

134 3421 263 3483 omnes,
295 3397 411 3486 oredoq
437 3395 635 3475 concedent,
668 3394 722 3461 vel
754 3395 891 3487 maxime
923 3398 958 3463 in
990 3409 1144 3485 promptu
1177 3399 1250 3465 fuit.

133 3511 262 3597 Quibus
284 3509 382 3576 rebus
404 3507 453 3575 sic
475 3507 663 3573 constitutis
684 3507 846 3599 sequitur,
867 3515 905 3572 ut
925 3509 1049 3591 melior,
1074 3511 1169 3592 quale
1190 3509 1251 3574 hu·

132 3625 186 3708 jus
208 3642 334 3709 poenae
355 3638 459 3705 genus
482 3639 595 3682 revera
616 3618 730 3699 fuerit,
758 3619 977 3711 perspiciendi
1001 3619 1130 3684 occasio
1153 3618 1250 3686 nobis

137 3734 182 3798 sit
201 3742 323 3818 parata.
367 3726 487 3794 Omnia
512 3728 597 3794 enim
623 3726 700 3792 huic
728 3728 876 3815 opinioni
903 3728 1029 3811 favent,
1056 3727 1252 3796 Iuvenalem

137 3842 309 3911 mitissimo
331 3838 390 3905 illo
413 3860 536 3925 poenae
558 3856 694 3926 genere,
716 3837 803 3924 quod
824 3839 1057 3926 relegationem
1080 3838 1252 3919 vocabant,

138 3953 292 4018 affectum
312 3973 387 4018 esse
407 3949 506 4033 idque
527 3949 568 4014 ad
590 3959 719 4034 tempus
742 3949 835 4036 (Dig.
858 3945 1031 4031 XLVIII,
1055 3951 1105 4031 19,
1119 3947 1253 4032 28ξ13,

240 4195 263 4256 ¹)
281 4191 342 4241 Vid.
364 4189 592 4241 commentationis
616 4201 692 4238 meae
718 4187 766 4238 ”de
792 4187 930 4268 clientelae
956 4188 1025 4250 apud
1052 4128 1307 4390 Romus

116 4332 120 4346 ,
141 4288 297 4343 Caesaribus
315 4284 432 4336 ratione'’
450 4281 671 4347 (Helsingtorsiae
689 4281 765 4345 1865)
783 4298 808 4345 p.
825 4279 857 4328 31
876 4295 914 4344 sq.
