2722 4658
162 174 242 236 52.

119 359 256 440 XLIX,
282 358 330 437 16,
353 358 372 418 4
395 357 414 440 ξ
437 355 482 440 4),
511 353 663 436 qnoniam
691 353 830 418 vitarum
859 355 1034 439 scriptores
1072 377 1152 419 eum
1181 355 1254 423 Rc-

120 495 204 538 mam
238 467 373 533 rediisse
405 473 602 531 testantur..
627 466 678 528 Ac
706 486 746 528 ne
772 468 884 547 aperta
916 464 1046 548 quidem
1080 464 1252 554 relegatio

118 582 197 664 fuit,
221 577 279 646 sed
301 588 337 664 ut
360 576 509 641 omnibus
532 575 599 639 fere
628 575 704 639 vitis
732 573 927 642 credendum
956 584 1020 660 est,
1048 575 1170 661 specie
1193 576 1253 645 ho·

122 693 212 757 noris
245 689 401 776 mitigata.
449 687 542 772 Quae
574 686 601 750 si
629 685 785 770 relegatio
814 685 1007 770 appellanda
1034 696 1088 750 est
1119 709 1162 752 ac
1184 712 1251 755 non

120 802 247 888 potius,
279 809 316 864 ut
349 819 589 882 nonnumquam
616 797 723 863 dicere
753 794 902 860 solebant
930 790 1016 883 (Cio.
1045 798 1112 882 pr'o
1148 798 1253 866 Rosc.

120 915 194 977 Am.
226 913 274 994 15,
308 908 384 973 Tac.
413 906 456 969 H.
485 904 536 969 IV
566 908 632 990 56),
666 905 848 970 amandatio
877 905 1050 991 quaedam,
1086 909 1139 973 sit
1170 932 1253 978 sane

120 1024 181 1103 ita3
209 1031 242 1087 at
269 1016 451 1085 honorifica
477 1027 562 1082 certe
596 1016 753 1103 relegatio
787 1015 978 1125 appelletur,
1011 1040 1098 1102 quae
1130 1019 1212 1085 ab
1202 1044 1256 1087 m·

120 1136 223 1221 genic.
240 1112 448 1214 moribusque
476 1129 528 1194 vel
550 1126 857 1193 moderatissimit
825 1134 921 1210 atque
941 1123 1160 1213 justissimi
1150 1154 1255 1218 rmpe·

120 1245 238 1309 ratoris
272 1264 339 1305 non
365 1239 445 1303 mult
432 1249 500 1303 tum
528 1237 711 1309 abhorreat.
765 1236 947 1322 Aptissime
974 1236 1079 1325 igitur
1115 1240 1256 1308 locutus

120 1363 171 1419 est
198 1352 339 1437 scriptor
365 1351 450 1415 vitae
473 1346 505 1430 I,
533 1349 588 1430 qui
616 1369 754 1432 poenam
783 1348 866 1412 ”levi
895 1357 990 1430 atque
1016 1349 1173 1434 joculari
1203 1353 1256 1419 de·

118 1463 198 1529 licto
220 1465 347 1548 parem”
371 1461 472 1526 fuisse
496 1457 551 1523 ait.

153 1592 157 1597 ·
223 1570 290 1638 Sed
317 1571 395 1659 quid
427 1580 594 1655 postremo
628 1569 731 1634 dicam
760 1569 800 1634 dc
823 1562 1004 1635 Caledonia
1037 1569 1092 1635 vel
1119 1570 1256 1661 Scotia,

115 1685 214 1773 sicuti
238 1666 433 1753 scholiastae
457 1704 497 1746 ex
519 1681 676 1766 temporis
706 1679 756 1744 sui
784 1703 872 1746 more
900 1679 1003 1744 locuti
1025 1689 1126 1766 sunt,
1154 1707 1258 1770 quum

118 1818 236 1860 nomen
272 1793 445 1861 Scotorum
479 1802 553 1855 ante
588 1787 805 1855 Claudianum
844 1814 909 1855 non
931 1790 1102 1858 'usitatum
1151 1797 1258 1866 fuisse

120 1911 250 1969 constet
272 1902 418 1986 (Kempf.
442 1901 462 1964 l.
486 1920 514 1963 c.
537 1922 568 1984 p.
593 1901 645 1979 11,
667 1898 846 1964 Hermann.
863 1902 897 1964 in
913 1901 1073 1968 Zeitsohr.
1091 1904 1119 1967 f.
1142 1907 1258 1979 Alter.

119 2014 319 2080 thumswiss.
345 2010 427 2074 1844
448 2033 480 2095 p.
503 2008 580 2095 13).ρ
612 2010 687 2093 Quo
717 2019 862 2096 tempore
889 2012 974 2077 enim
1002 2013 1197 2088 Juvenalis
1225 2022 1258 2088 in

118 2125 292 2190 Britannia
314 2121 516 2200 militaverit,
540 2144 590 2185 me
612 2120 738 2186 nescire
757 2122 871 2202 fateor,
893 2141 953 2186 nec
981 2123 1141 2205 quidad
1173 2107 1259 2199 hano

118 2258 186 2301 rem
209 2242 297 2298 certe
319 2231 534 2297 deliniendam
557 2230 704 2296 adhiberi
720 2232 828 2317 possit
855 2232 993 2318 reperio,
1017 2234 1085 2300 nisi
1109 2239 1260 2332 Aegyp-

118 2356 187 2411 turn
209 2344 306 2432 plane
330 2342 528 2430 abjiciamus.
572 2340 752 2409 Ribbeckio
781 2365 870 2423 vero,
899 2344 955 2426 qui
982 2342 1074 2409 nulla
1104 2349 1258 2420 vitarum

119 2456 305 2523 testimonia
333 2453 517 2543 repudiavit
544 2462 641 2536 atque
668 2457 725 2517 ”ex
748 2452 895 2539 disjectis
918 2463 951 2519 et
974 2463 1098 2523 temere
1126 2465 1258 2531 confla.

118 2568 162 2631 tis
185 2567 308 2650 antiqui
337 2566 378 2628 de
405 2565 473 2628 vita
506 2562 727 2627 commentarii
763 2564 957 2632 centonibus
989 2570 1258 2642 reconcinnare”

119 2676 292 2760 imaginem
324 2672 485 2757 quandam
517 2673 603 2736 vitae
626 2671 797 2738 «luvenalis
830 2673 958 2758 plenam
992 2651 1255 2771 absolutamque

120 2795 257 2852 conatus
281 2794 346 2866 est,
369 2781 498 2868 ”priora
519 2783 669 2846 nimirum
694 2782 858 2868 stipendia
874 2784 1046 2853 ‚luvenalis
1064 2813 1140 2858 non
1167 2799 1254 2877 exul,

120 2897 178 2965 sed
201 2904 333 2982 sponte,
368 2893 475 2959 taedio
504 2893 657 2961 fortasse
678 2895 802 2960 servitii
831 2894 946 2959 urbani
974 2912 1169 2972 commotus
1201 2929 1253 2974 ex·

119 2999 230 3083 tremis
259 3005 439 3091 Domitiani
467 3005 667 3091 temporibus
695 3006 852 3071 meruisse
880 3004 1019 3088 videtur,
1047 3029 1158 3092 quum
1196 3019 1251 3084 tri.

120 3119 224 3183 bunus
252 3116 304 3180 vel
331 3116 514 3200 praelectus
539 3112 716 3181 ColrortiI
745 3115 967 3181 Dalmatarum
993 3117 1027 3182 in
1056 3113 1249 3194 Caledonia

119 3206 325 3312 praefuerit.l
368 3224 441 3290 llac
468 3226 594 3290 ratione
627 3222 743 3290 ductus
771 3225 878 3292 locum
904 3226 996 3292 illum
1023 3229 1114 3298 vitae
1140 3234 1179 3300 V
1202 3238 1246 3306 sio

120 3335 286 3423 supplevit
308 3343 341 3398 et
362 3337 506 3419 proxime
530 3357 601 3399 curn
625 3335 733 3401 verbis
756 3358 794 3400 ex
820 3336 894 3402 vitis
915 3336 962 3402 Vl
987 3348 1020 3404 et
1035 3338 1078 3403 -H
1101 3343 1244 3417 divulsis

118 3447 301 3515 contexuit:
329 3445 509 3510 ”Extremis
538 3446 717 3510 Domitiani
744 3446 946 3532 temporibus
970 3499 976 3513 .
1000 3496 1008 3512 .
1032 3497 1040 3512 .
1064 3498 1072 3515 .
1091 3459 1244 3545 praesu.

51 3620 56 3629 ,
119 3573 169 3625 tus
193 3560 335 3625 cohortis
358 3556 379 3621 I
398 3555 622 3620 Dalmatarum
639 3557 804 3643 profectus
828 3569 873 3622 est
895 3571 1010 3625 contra
1025 3560 1170 3652 Scotos,
1188 3570 1239 3654 qui

118 3670 238 3736 bellum
271 3678 385 3734 contra
405 3664 570 3731 Romanos
604 3677 781 3732 moverant.
827 3666 950 3734 Verum
971 3671 1058 3736 intra
1080 3674 1239 3747 brevissi·

118 3804 206 3847 mum
228 3791 355 3866 tempus
380 3775 453 3852 cair
475 3773 565 3851 uiroc
586 3776 780 3844 adscribitur
808 3777 955 3846 divorum
978 3781 1078 3850 choro
1101 3780 1238 3858 reverti·

118 3901 234 3973 turque
257 3889 429 3957 Juvenalis
452 3886 597 3953 Romam.
647 3887 714 3955 Ubi
740 3888 871 3956 Nervae
899 3902 931 3957 et
957 3891 1091 3980 Trajani
1117 3902 1237 3984 princi·

119 4011 230 4086 patum
253 4001 464 4086 supervivens
488 4009 588 4062 totum
603 4021 723 4085 prope,
750 4001 833 4086 quod
855 4001 1024 4088 reliquum¹
1038 4022 1125 4088 erat,
1149 4015 1234 4088 citus

103 4113 261 4198 „spatium
283 4112 442 4196 truoaepit
458 4118 491 4174 et
506 4132 536 4194 q.
555 4113 599 4174 s.”
615 4111 696 4195 (vid.
713 4112 813 4196 praef.
831 4135 863 4197 p.
886 4129 926 4176 ιιι
948 4124 980 4178 et
1002 4117 1081 4205 xn).
1115 4120 1235 4206 Quam-

119 4223 170 4290 vis
202 4218 352 4306 equidem
384 4220 438 4285 tali
471 4221 748 4308 argumentatione
780 4246 916 4309 prorsus
949 4225 1030 4292 nibil
1063 4229 1150 4297 effici
1166 4224 1233 4319 'pu-
