2722 4658
174 167 216 230 48

134 349 429 439 peregrinationem
451 346 582 411 omnino
604 345 825 430 imprimisque
852 346 886 409 in
912 344 1177 430 quintadecima
1201 365 1256 410 sa-

135 464 198 526 tira
219 457 397 540 reticuerit,
419 465 455 522 ut
476 456 657 522 rectissime
678 465 789 521 monet
808 452 1044 542 Hertzbergios
1066 455 1101 520 in
1124 453 1256 522 Philol.

136 569 175 636 Τ.
197 569 232 635 11
253 594 285 656 p.
309 570 381 651 579,
409 588 506 653 quam
533 566 621 650 quod
647 586 806 649 nusquam
833 565 922 631 exilii
953 565 1154 630 mentionem
1181 587 1258 630 mo·

134 680 198 765 rit,
219 681 311 765 cujus
332 675 490 743 reticendi
511 676 592 742 satis
612 674 732 741 multae
749 675 779 740 ei
796 674 909 742 adesse
926 682 1104 762 potuerunt
1119 695 1257 742 causae.

133 790 190 859 Sic
211 791 402 877 Aegyptum
414 789 442 870 ¹)
469 784 642 850 defendere
663 784 795 850 conanti
820 785 901 851 mihi
921 785 955 849 in
976 785 1084 850 animo
1107 808 1184 855 non
1206 797 1259 855 est

133 900 273 986 abjicere
294 896 457 966 Scotioam
479 895 650 961 ‚Iuvenalis
672 895 836 977 militiam,
858 897 950 979 cujus
967 893 1105 962 fabellae
1122 895 1258 964 scilicet

132 1010 257 1077 fontem
282 1004 465 1072 Franckios
488 1005 534 1091 (p.
557 1005 612 1092 45)
642 1006 705 1072 sibi
732 1005 898 1090 aperuisse
921 1005 1011 1071 visus
1034 1008 1144 1074 estin
1170 1011 1258 1095 ejus·

132 1121 207 1187 dem
227 1115 299 1184 XV
321 1116 438 1182 satirae
461 1136 558 1181 versu
581 1116 657 1178 112:

335 1230 377 1280 De
396 1229 565 1280 conducendo
583 1227 699 1293 loquitor
713 1229 767 1293 jam
785 1228 889 1279 rhetore
907 1229 1001 1280 Thule.

135 1324 340 1390 Duentzeros
362 1341 453 1402 vcro,
475 1317 575 1404 paulo
596 1321 750 1403 majorem
771 1318 912 1388 fortasse
933 1321 1082 1389 veritatis
1106 1324 1258 1408 speciem

133 1433 292 1514 lucratus,
314 1431 349 1496 in
371 1439 432 1498 sat.
455 1426 492 1492 II
513 1452 545 1494 v.
569 1429 751 1496 159-161:

689 1544 772 1593 Arma
790 1543 893 1609 quidem
910 1544 980 1595 ultra

284 1640 377 1690 Litora
394 1638 526 1688 Jubernae
543 1639 719 1702 promovimus
736 1646 763 1688 et
779 1639 858 1689 modo
877 1647 967 1703 captas

283 1732 402 1784 Orcadas
422 1747 453 1783 sc
470 1733 578 1782 minima
596 1739 732 1781 contentos
750 1741 826 1782 noete
843 1731 994 1785 Britannos.

132 1822 199 1890 Sed
219 1821 302 1888 nihil
323 1830 389 1904 est,
411 1821 499 1906 quod
521 1821 563 1886 ad
584 1821 645 1887 has
667 1825 870 1909 conjecturas
897 1823 1129 1909 respiciamus,
1155 1849 1259 1913 quum

132 1953 293 2018 prospera
314 1929 471 2016 quaedam
494 1932 625 1996 fortuna
646 1931 743 1997 nobis
759 1930 856 1997 fidem
871 1933 1071 1999 monumenti
1087 1935 1258 2023 historici,

131 2049 168 2107 ut
176 2041 300 2128 judico,
312 2040 526 2108 certissimam
537 2043 701 2127 paraverit
712 2041 806 2108 titolo
816 2040 950 2128 Aquini,
961 2044 996 2108 in
1007 2046 1118 2131 patrio
1129 2049 1257 2134 oppido

129 2151 313 2235 Juvenalis,
324 2160 465 2238 reperto,
475 2153 530 2237 qui
542 2151 627 2239 apud
636 2151 888 2220 Mommsenium
899 2153 1139 2243 interInsorip.
1149 2157 1257 2248 Rogo.

132 2260 329 2347 Neapolis
350 2284 437 2328 num.
459 2263 543 2328 4312
567 2263 615 2330 sic
637 2263 806 2350 suppletus
828 2266 1063 2349 restitutosque
1085 2266 1233 2356 legitur:

501 2372 633 2440 cereRI.
677 2369 876 2443 SAORVM

436 2486 467 2551 d.
484 2481 641 2552 iuNIVS.
685 2483 944 2556 IVVENALIS

314 2591 447 2679 tuna)
492 2587 602 2658 con.
624 2607 648 2654 1.
660 2593 687 2678 ³)
732 2593 1069 2664 nnnMArAavm

224 2716 229 2721 ·
372 2700 419 2767 11.
461 2700 554 2769 via.
597 2700 759 2788 quinq.
802 2703 1000 2771 sununs

466 2808 579 2878 DIVI.
622 2809 910 2882 VESPASIANI

425 2918 575 2988 vovis
600 2907 948 3012 'nnniclvaqvu

497 3018 590 3100 SVA
795 3028 887 3102 Plio

132 3128 334 3143 *uh—fi·-

233 3206 256 3266 ¹)
267 3205 352 3263 ,Mitto
372 3207 550 3270 quaestionem
572 3209 635 3258 satis
657 3209 784 3260 lubricam
802 3219 828 3261 et
848 3213 975 3264 incertam
993 3214 1026 3265 de
1044 3179 1186 3276 '’extrema
1203 3227 1253 3277 Aa·

134 3298 207 3367 gypti
233 3295 333 3360 parte”,
359 3313 436 3363 quam
462 3302 575 3368 intelligi
599 3303 738 3353 voluerunt
763 3304 877 3357 Malalas
903 3315 929 3357 et
955 3307 1051 3360 Suidas
1077 3310 1252 3384 Pentapolis,

133 3388 223 3440 Schol.
241 3389 308 3440 adl
331 3392 345 3438 1
365 3398 391 3440 et
407 3391 448 3441 IV
466 3394 498 3442 38
517 3393 611 3457 Oasin,
638 3395 784 3448 Salmasius
810 3397 921 3464 Syenen.
966 3401 1251 3464 calmacensis.

131 3498 157 3546 p.
174 3483 208 3530 47
226 3498 273 3551 sq,
290 3485 349 3547 qni,
367 3482 523 3549 Pentapolis
542 3502 600 3537 curn
618 3492 754 3552 provincie
771 3491 888 3544 Cretensi
906 3497 1071 3561 conjunctam
1088 3500 1191 3567 fuisse,
1209 3520 1251 3556 ne·

131 3576 227 3625 minem
257 3583 344 3627 autem
369 3576 399 3625 in
420 3575 502 3628 Oasin
525 3587 586 3630 ante
612 3583 701 3632 sedem
727 3584 827 3648 imperii
844 3586 999 3650 Byzantium
1024 3594 1185 3647 translatam
1207 3604 1252 3648 ant

131 3668 277 3732 relegatum
295 3678 341 3719 snt
358 3670 523 3734 deportatum
542 3676 696 3737 ostendens,
718 3675 820 3741 Syenen
842 3679 922 3731 solam
942 3696 1000 3731 oum
1019 3683 1102 3734 Salm.
1120 3698 1196 3741 recte
1212 3692 1249 3741 in·

133 3759 216 3825 telligi
232 3777 308 3826 posse
327 3763 462 3814 contendit
480 3766 515 3826 (v.
531 3766 609 3816 Mart
626 3767 641 3818 1
659 3769 711 3830 86).

235 3856 256 3918 ²)
274 3854 385 3907 ”imis
407 3858 512 3908 videtur
536 3874 594 3910 esse
620 3864 768 3927 suppletum
789 3866 823 3915 sd
844 3867 989 3919 litterarum
1014 3874 1143 3938 vestigia,
1171 3890 1248 3942 quum

134 3945 205 4010 quod
225 3954 302 3998 antea
323 3950 387 4015 legit
410 3949 496 4015 anro
513 3950 604 4003 AGRI
624 3956 688 4005 item
711 3959 842 4008 contineat
862 3961 990 4013 elementa
1005 3962 1052 4014 ΕΙ.
1088 3965 1167 4029 Quae
1189 3972 1247 4021 reti-

133 4041 180 4090 nui
197 4054 281 4104 neque
298 4042 326 4091 in
342 4041 468 4094 PRAEF.
485 4044 610 4095 mutavi.''
645 4048 714 4100 Ano.
730 4048 836 4100 Momm.
1204 4046 1207 4051 ’

235 4133 258 4196 ³)
277 4131 357 4185 ”Post
378 4134 461 4187 0011.
479 4154 600 4190 numerus
623 4144 706 4193 omitti
726 4146 899 4209 nonpotuit,
922 4163 999 4212 quum
1018 4152 1076 4203 coh.
1094 4153 1121 4205 V
1138 4155 1246 4208 Dalma-

32 4200 58 4395 ι
134 4233 219 4277 tarum
234 4227 290 4291 J'sm
306 4229 334 4276 in
351 4228 462 4280 honesta
480 4248 504 4296 q.
522 4233 547 4282 d.
565 4235 688 4285 missione
705 4235 863 4300 Vespasiani
879 4238 968 4302 (caru
982 4243 1044 4309 dipl.
1062 4262 1088 4301 n.
1106 4252 1148 4314 vr)
1164 4253 1245 4304 nomi-
