2722 4658
1150 170 1187 231 13

219 357 334 421 Altero
358 357 430 419 loco
455 353 605 439 ponenda
627 365 677 419 est
699 354 781 432 vita,
805 378 899 438 quam
923 380 940 420 e
963 356 1035 422 cod.
1059 357 1103 422 Is.
1117 356 1231 424 Vossii

117 467 220 551 edidit
244 466 426 530 Henninius
451 464 564 550 (Jahn.
590 464 639 528 ad.
663 465 739 530 Juv.
762 487 794 549 p.
818 466 906 551 380:

117 580 164 655 Il.
205 580 337 654 Junius
357 579 564 663 luvenalis,
586 577 750 652 libertini
769 580 967 677 locupletis
987 583 1165 656 incertum
1189 583 1233 655 fi-

193 711 265 783 lius
294 733 339 780 an
367 702 557 788 ‘alumnum'
580 730 628 778 ex
656 706 815 803 Aquinio
841 706 1060 783 Volscorum
1094 711 1232 808 oppido

194 822 372 923 oriundus
399 832 625 930 temporibus
647 834 791 909 Claud-ii
807 833 983 920 Neronis,
1006 838 1052 910 ad
1075 838 1231 912 mediam

193 965 272 1038 fere
294 959 447 1035 aetatem
469 960 689 1056 declamavit
714 962 825 1041 ,animi
852 963 965 1062 magis
986 989 1093 1038 causa
1125 991 1234 1062 quam
1291 992 1294 997 ·

197 1091 295 1188 quod
315 1090 461 1163 scholae
489 1107 529 1162 se
550 1100 611 1163 aut
624 1085 717 1163 'foro
745 1103 990 1188 praepararet.
1024 1089 1168 1166 Deinde
1188 1095 1234 1164 ad

122 1242 129 1246 ·
196 1219 358 1315 poetices
377 1216 402 1318 ¹)
430 1243 469 1291 se
498 1217 714 1314 applicavit,
739 1231 775 1291 et
796 1229 991 1316 postquam
1018 1221 1081 1297 diu
1102 1221 1233 1310 tacuit,

117 1356 128 1441 ἰ
195 1345 354 1420 uberiori
380 1344 555 1423 vitiorum
579 1346 653 1440 jam
681 1345 857 1444 gliscente
878 1348 1095 1446 contagione
1117 1350 1160 1422 ab
1182 1350 1237 1424 in·
1317 1419 1321 1426 Α

105 1497 118 1560 g
197 1473 409 1573 dignatione
432 1473 586 1570 incepit:
617 1475 786 1569 ”semper
806 1500 874 1573 ego
897 1474 1042 1549 auditor
1060 1477 1236 1550 tantum.'’
1260 1477 1271 1566 f

89 1587 91 1593 ’
195 1599 340 1676 Dehinc
361 1623 572 1696 paucorum
607 1625 779 1675 versuum
814 1613 937 1698 satyra
969 1626 1042 1674 non
1082 1605 1237 1680 absurde

197 1731 236 1801 in
263 1727 435 1807 Paridem
459 1723 658 1800 Domitiani
691 1707 956 1827 pantomimum
984 1742 1022 1804 et
1055 1732 1157 1807 aulae
1184 1732 1244 1818 hi·g
1312 1831 1313 1834 Ἴ

201 1858 376 1930 strionem
404 1837 637 1931 semestribus
666 1867 872 1946 ,tumentem
906 1859 1050 1933 vibrata
1076 1872 1237 1956 poetam-

200 1983 336 2084 que'P.
363 1971 519 2059 Statium
547 1984 768 2082 composita,
796 1987 868 2060 hoc
893 2013 1009 2086 genus
1035 1988 1239 2086 scripturae

196 2113 586 2207 industrieexcoluit‚
615 2125 652 2186 et
678 2104 798 2188 tamen
827 2114 961 2190 diune
989 2116 1133 2189 modico
1161 2118 1242 2212 qui·
1282 2129 1286 2140 ’

201 2243 285 2314 dem
305 2240 497 2313 ”auditorio
532 2239 724 2335 quicquam
761 2241 990 2316 committere
1023 2256 1079 2317 est
1112 2267 1237 2325 ausus,

198 2391 293 2439 -mox
320 2391 450 2465 magna
475 2366 679 2462 frequentia
705 2391 910 2465 magnoque
931 2393 1101 2443 successu
1122 2367 1175 2442 bis
1198 2391 1239 2442 ac

125 2522 129 2531 ·
202 2493 439 2590 terauditus¹
456 2504 530 2580 est,
558 2506 599 2566 ut
625 2519 668 2567 ea
694 2519 840 2591 quoque
873 2521 965 2593 quae
998 2497 1115 2592 prima
1147 2497 1242 2570 fece·

198 2633 255 2695 rat
290 2620 475 2695 inferciret
501 2620 608 2695 novis
635 2621 799 2720 scriptis:
1241 2603 1245 2610 ¹

377 2767 424 2813 Ille
443 2775 469 2814 et
487 2766 594 2814 militiae
612 2768 700 2815 multis
718 2769 827 2830 largitur
846 2769 978 2817 honorem.
997 2798 1029 2805 -—

255 2852 259 2859 ’
288 2857 289 2861 ’
379 2861 454 2920 Quod
475 2877 527 2908 non
546 2862 609 2908 dant
628 2877 758 2923 proceres,
777 2862 851 2910 dubit
868 2863 968 2911 histrio.

203 2971 291 3043 Erat
318 2983 396 3047 tum
422 2972 458 3042 in
487 2970 631 3044 deliciis
661 2973 763 3044 aulae
784 2972 926 3056 histrio,
955 2972 1135 3068 multique
1162 2973 1238 3046 fau·

205 3071 325 3171 torum
354 3101 430 3195 ejus
458 3098 621 3196 quotidie
648 3100 958 3195 provehebantur.
1016 3097 1127 3173 Venit
1153 3123 1240 3198 crgo

203 3225 393 3322 luvenalis
412 3225 448 3298 in
472 3202 717 3324 suspicionem
732 3229 835 3324 quasi
857 3236 1022 3324 tempora
1035 3227 1242 3324 praesentia
1282 3219 1286 3224 ‘

202 3354 322 3454 figura
348 3347 528 3439 notasset,
549 3346 598 3427 xac
619 3355 741 3427 statim
763 3379 830 3451 per
850 3355 1027 3427 honorem
1048 3353 1241 3427 militiolae

204 3505 421 3577 quamquam
457 3481 709 3580 octogenarius
744 3482 832 3554 urbe
865 3490 1068 3573 summotus
1095 3481 1247 3572 missus·¹
1353 3472 1354 3475 ¹

206 3634 276 3705 que
297 3610 343 3682 ad
363 3608 628 3706 praefecturam
649 3607 811 3684 cohortis
837 3608 874 3681 in
896 3622 1062 3683 extrema
1080 3606 1243 3706 Aegypti

234 3840 254 3896 ¹)
274 3837 385 3889 Poetiren
402 3840 548 3889 Henniniue
567 3849 592 3889 et
609 3841 749 3905 Rupertius
763 3842 945 3891 emendarunt.
981 3838 1046 3885 Voc.
1064 3835 1168 3886 studium
1187 3845 1246 3901 post
1274 3846 1277 3852 ’

125 3933 232 4000 poetices
250 3947 266 3980 a
283 3932 390 3984 librario
408 3936 530 3982 omissum
549 3950 604 3983 esse
617 3937 740 3998 opinatus
758 3943 798 3984 est
814 3936 925 3998 scriptor
941 3931 1015 4000 libri,
1035 3932 1078 3993 qui
1096 3928 1244 3979 ”Kritisoha

130 4019 330 4090 Bemerkungeb
354 4025 416 4075 iiber
439 4028 523 4089 einiga
545 4026 725 4077 Nachriehten
748 4042 794 4077 sus
818 4027 877 4076 dem
894 4025 983 4073 Leben
999 4023 1125 4073 «quenale
1147 4023 1244 4086 <Ratis-

131 4120 215 4169 bonae
235 4116 329 4178 1833)”
347 4120 508 4188 inscribitur3
528 4119 561 4168 ol.
578 4119 715 4193 Pintagan
727 4121 755 4171 iu
772 4119 846 4172 Naue
863 4117 955 4170 Jahrb.
973 4118 992 4168 f.
1011 4116 1079 4168 Phil.
1095 4117 1149 4169 vund
1164 4115 1244 4167 Paed.

133 4208 198 4264 1835
217 4230 241 4279 p.
260 4213 318 4261 264.
