2722 4658
169 176 210 237 64

130 384 255 448 cunque
277 362 373 427 modo
396 368 612 442 versarentur,
635 359 723 423 nulla
744 361 872 445 generis
900 362 1024 428 ratione
1047 360 1170 441 habita,
1196 371 1249 427 ut-

130 498 201 542 rum
222 483 331 542 essent
351 472 484 560 ingenui
506 491 619 552 necne,
637 475 691 556 jus
714 471 748 535 in
768 468 858 535 XIV
881 452 1247 558 spectandi'haberent.

129 586 227 673 Quod
249 593 354 650 autem
374 581 546 648 Juvenalis
569 580 600 644 h.
616 580 639 644 l.
656 589 689 646 et
710 578 797 647 XIV
820 583 883 647 324
904 603 1036 650 censum
1058 591 1247 668 equestrem

130 708 163 764 et
182 695 346 762 Martialis
368 691 401 759 V
424 695 465 758 23
487 702 520 758 et
540 691 582 755 ⁷25
604 691 880 778 '’quadringenta''
906 692 963 772 illa
980 693 1084 759 solum
1101 715 1248 766 comme·

128 814 269 890 morant,
301 828 366 871 non
400 814 466 887 est,
499 825 555 868 our
589 802 672 869 hanc
703 826 771 870 rem
797 806 906 890 magni
938 807 1108 887 faciamus,
1143 827 1246 892 quum

128 941 225 1005 saepe
247 938 379 983 censum
400 936 461 999 pro
483 914 556 999 ipsa
576 913 734 1001 dignitate
755 916 914 1000 equestri,
937 919 1029 1002 cujus
1046 914 1247 982 obtinendae

127 1030 303 1117 praecipua
324 1025 386 1090 fuit
407 1024 553 1091 conditio
575 1028 715 1111 (”justus
737 1029 853 1110 eques”
875 1048 925 1112 ap.
948 1025 1049 1091 Mart.
1071 1024 1247 1111 1103,1V

129 1140 195 1226 67),
227 1158 384 1222 usurpare
416 1135 544 1201 soleant
575 1144 700 1199 veteres
734 1136 911 1222 scriptores
934 1137 998 1224 (ex.
1021 1158 1049 1201 o.
1073 1134 1158 1202 Hor.
1180 1136 1245 1225 Ep.

130 1250 181 1316 ad.
209 1249 278 1314 Pis.
305 1245 392 1332 383).
446 1245 649 1330 Quamquam
682 1245 783 1332 igitur
815 1268 918 1312 meam
951 1247 1147 1313 sententiam
1178 1270 1247 1315 non

129 1361 265 1426 multum
298 1356 337 1423 ab
370 1353 555 1421 Heinrichii
586 1376 700 1420 revera
731 1354 864 1421 differre
900 1357 1009 1439 video,
1050 1356 1162 1442 aptius
1201 1367 1248 1424 ta·

129 1493 203 1538 meu
228 1492 295 1535 rem
321 1470 368 1533 ita
394 1467 601 1542 constitutam
629 1465 786 1552 quadrare
813 1475 894 1553 puto
923 1468 1010 1533 etin
1032 1467 1135 1533 verba
1156 1467 1249 1535 Mar·

129 1581 216 1648 tialis
240 1579 272 1646 V
295 1581 330 1645 8:
353 1578 414 1644 ”lca
435 1599 536 1663 puros
558 1598 656 1663 eques
680 1576 812 1642 ordines
834 1577 974 1664 recepit”
996 1587 1092 1661 atque
1115 1578 1174 1644 23:
1193 1583 1249 1645 ·''et

130 1693 296 1761 Oceanum
329 1689 449 1756 certior
480 1686 572 1752 audit
598 1690 726 1772 eques”,
759 1694 792 1751 et
817 1688 852 1752 in
874 1709 980 1753 acrem
1002 1688 1178 1757 Juvenalis
1200 1691 1263 1756 in.

129 1805 369 1891 dignationem,
391 1820 485 1885 quam
509 1818 592 1880 quae
614 1807 759 1862 moveret
780 1798 836 1862 vix
857 1798 977 1865 idonea
991 1800 1053 1864 suit
1066 1800 1249 1871 liberalitas

130 1913 187 1978 illa
207 1909 381 1997 principis,
414 1928 511 1994 quam
537 1905 748 1974 Heinrichius
777 1908 906 1992 statuit,
939 1911 1061 1998 quippe
1088 1932 1174 1996 quae
1199 1915 1251 1999 ju·

132 2023 215 2091 stior
237 2020 377 2106 quodam
409 2019 505 2084 modo
533 2039 594 2102 pro
628 2025 716 2084 statu
743 2040 850 2085 rernm
883 2019 993 2105 priore
1020 2020 1068 2087 sic
1089 2022 1145 2088 vel
1167 2023 1250 2089 nihil

130 2135 198 2201 fere
219 2130 273 2198 vel
295 2153 362 2196 non
389 2129 524 2194 multum
552 2126 676 2194 mutato
699 2128 804 2194 videri
829 2127 985 2196 debuerit.
1030 2127 1112 2215 Sed,
1135 2144 1252 2200 uteun-

131 2266 194 2330 que
216 2252 299 2327 erat,
332 2241 396 2308 hoc
428 2241 537 2327 ipsum
571 2262 685 2307 recens
719 2241 843 2325 odium,
877 2242 966 2327 quod
995 2243 1122 2329 spirant
1150 2245 1252 2312 verba

131 2359 216 2443 ejus,
238 2377 299 2441 pro
322 2352 443 2419 indicio
460 2351 644 2419 habendum
663 2362 713 2419 est
730 2352 871 2418 edictum
882 2353 970 2420 illud
985 2353 1171 2421 Domitiani
1185 2378 1252 2422 non

130 2465 232 2532 multo
255 2473 330 2530 ante
352 2462 592 2549 promulgatum
614 2463 719 2546 varia,
742 2485 841 2548 quum
862 2465 946 2530 hane
973 2465 1107 2532 satiram
1128 2467 1253 2534 scribe·

131 2584 196 2657 ret,
217 2574 385 2640 hominum
408 2573 515 2638 studia
542 2572 712 2638 excitasse.
760 2573 833 2639 Nec
860 2575 964 2664 magis
992 2574 1263 2662 praetermitten?

133 2662 283 2750 domest
303 2681 490 2747 Martialem
522 2680 607 2746 hanc
634 2703 702 2746 rem
734 2704 837 2766 paene
865 2685 900 2750 in
927 2686 999 2752 solo
1027 2689 1143 2771 quinto
1166 2689 1251 2757 libro

132 2813 385 2861 commemorare
399 2791 436 2880 ¹),
458 2793 549 2877 cujus
573 2791 675 2878 epigr.
700 2792 720 2856 8
742 2802 775 2858 et
795 2795 835 2859 41
861 2795 1021 2862 ”edictum
1039 2799 1165 2865 domini
1186 2801 1252 2868 dei-

133 2929 196 2990 que
218 2904 340 2972 nostri”
361 2903 544 2989 nuperrime
566 2902 600 2966 in
622 2901 728 2970 lucem
755 2905 932 2990 prodiisse,
961 2929 1060 2992 quum
1087 2908 1141 2976 hic
1170 2910 1253 2978 liber

133 3017 240 3085 editus
263 3024 327 3100 est,
350 3028 460 3101 aperte
481 3014 561 3080 mihi
583 3016 755 3102 ostendere
777 3017 938 3084 videntur.

236 3175 302 3243 Sed
325 3178 354 3244 si
375 3176 455 3242 haec
477 3199 496 3241 a
521 3197 574 3242 me
601 3170 687 3241 nunc'
714 3180 760 3241 ita
788 3181 938 3263 exposita
962 3180 1147 3268 legentibus
1176 3205 1278 3269 pro·-

133 3285 254 3353 babilia
286 3285 430 3370 quidem,
465 3286 522 3353 scd
555 3308 621 3351 non
649 3287 728 3353 satis
762 3296 850 3354 certa
881 3288 1086 3377 videbuntur,
1113 3293 1251 3362 alterum

134 3398 232 3464 habet
254 3396 335 3461 haec
358 3397 456 3462 satira
477 3397 601 3480 locum,
624 3419 663 3484 ex
686 3418 750 3482 quo
772 3398 987 3467 certissimam
1013 3406 1171 3488 temporis
1194 3427 1250 3472 no·

133 3519 200 3574 tam
222 3507 290 3573 erui
313 3526 411 3592 posse
434 3505 572 3573 confido.
616 3505 683 3572 Hic
705 3517 756 3575 est
777 3512 823 3592 (v.
848 3510 1025 3600 254-59):

135 3654 337 3669 ψ

236 3774 258 3835 ¹)
278 3772 355 3835 Quod
373 3774 443 3823 enim
460 3772 502 3822 111
520 3774 552 3824 95
570 3777 608 3826 sic
626 3777 674 3826 ait:
698 3774 735 3826 Et
750 3776 820 3828 sedeo
839 3785 927 3844 qaa,te
943 3780 1043 3829 matut
1062 3777 1181 3844 Oceanus,
1198 3798 1248 3833 non

136 3879 241 3916 necesse
258 3883 315 3918 esse
334 3868 411 3918 credo
428 3864 526 3917 referre
544 3868 609 3918 haec
626 3871 706 3920 verba
722 3870 756 3920 ad
772 3871 857 3938 legem
875 3871 997 3923 Rosciam
1010 3887 1026 3922 a
1039 3872 1193 3928 Domitiano
1211 3893 1248 3928 re·

137 3965 269 4021 vocatam,
296 3977 374 4026 quum
397 3963 435 4012 sic
456 3963 529 4025 loqui
547 3965 670 4026 ‹potuisse
696 3973 799 4033 poetam
827 3974 952 4031 appareat
973 3982 1026 4017 nou
1045 3983 1077 4018 ex
1094 3985 1153 4020 vere
1170 3970 1247 4030 laeto,

139 4053 187 4102 sed
204 4052 287 4101 solum
310 4055 344 4104 ad
371 4053 525 4118 dignitatem
552 4070 625 4105 suam
651 4056 743 4106 melius
770 4059 975 4124 significandam.
1010 4059 1104 4114 Editus
1124 4071 1165 4114 est
1185 4063 1247 4115 liber

141 4148 246 4211 quintus
268 4159 299 4196 ex
317 4150 509 4213 computatione
531 4148 728 4201 Friedlaenderi
750 4153 776 4200 in
799 4154 990 4215 dissertationis
1011 4171 1089 4222 supra
1112 4160 1206 4209 citatae
1224 4174 1247 4221 p.

32 4246 115 4373 Ἴ
141 4241 156 4288 8
174 4241 279 4290 ineunte
297 4255 365 4291 anno
383 4242 424 4294 90.
