2722 4658
156 204 280 267 ·34

195 394 281 457 inter
303 377 482 473 primordia
503 373 702 466 mortemque
724 373 905 448 Domitiani
931 372 1148 468 quadraginta
1169 374 1243 445 duo
1268 402 1318 446 an·

195 502 229 564 ni
252 499 415 584 interjecti
438 505 541 562 erant.
586 492 644 558 Sic
666 493 733 558 fere
753 495 834 558 haec
856 495 940 577 vita,
961 502 997 557 ut
1019 493 1147 577 opinor,
1166 500 1248 557 orta
1263 503 1318 574 est,

196 610 283 696 quod
307 609 364 674 alii
387 608 451 672 alio
479 605 576 671 modo
605 604 725 668 factum
758 625 830 669 esse
859 604 921 670 sibi
948 602 1205 688 persuadebunt.
1253 602 1320 669 Nec

195 725 230 785 in
253 744 288 786 re
311 729 377 785 tam
405 717 505 782 dubia
532 722 566 778 et
593 733 692 796 quum
714 737 734 778 a
755 736 805 778 me
827 713 1000 799 impetrare
1022 732 1086 777 nou
1114 714 1268 798 possim,
1288 725 1318 781 ut

195 833 273 897 huic
296 833 383 896 vitae
405 828 503 891 ullam
527 825 591 888 vim
615 844 693 908 prae
720 822 839 886 ceteris
860 822 1014 901 tribuam,
1037 822 1318 908 supervacaneum

195 942 260 1007 erit
271 926 394 1006 alienas
406 933 586 1002 sententias
598 935 631 998 in
645 932 825 999 subsidium
838 953 965 1016 vocare,
977 955 1072 1016 quam
1083 932 1118 997 in
1130 955 1205 997 rem
1217 942 1317 1002 tamen

196 1074 262 1116 una
279 1044 462 1114 adhibenda
478 1054 530 1109 est
546 1039 700 1109 Franckii
722 1043 896 1122 sententia,
913 1043 968 1128 qui
991 1042 1097 1125 solus,
1119 1044 1216 1128 quod
1237 1048 1317 1129 equi

196 1163 270 1225 dem
294 1158 411 1237 sciam,
433 1155 473 1220 de
496 1154 556 1219 hac
572 1176 608 1218 re
630 1153 762 1218 uberius
783 1152 974 1239 disputavit.
1012 1153 1078 1238 Qui
1096 1154 1125 1221 si
1148 1178 1315 1229 assensum

196 1269 342 1334 omnium
358 1274 474 1332 nactus
491 1265 568 1345 erit,
585 1263 734 1348 equidem
746 1287 814 1329 non
831 1263 1031 1351 repugnabo.
1055 1265 1226 1350 Disputat
1241 1269 1314 1333 euin

196 1381 249 1441 vir
272 1375 480 1440 acutissimus
502 1395 543 1438 ex
564 1395 653 1438 more
676 1392 735 1438 suo
763 1373 859 1440 nimis
889 1372 1063 1454 subtiliter,
1089 1360 1154 1440 sed
1183 1377 1313 1445 fortan

196 1509 263 1550 non
286 1484 374 1548 ultra
395 1483 543 1548 veritatis
564 1481 647 1548 fines
669 1481 732 1548 hoc
754 1483 822 1548 fere
837 1481 953 1548 modo:
975 1482 1214 1571 Biographum
1229 1508 1312 1573 quen·

197 1597 273 1661 dam
300 1593 466 1659 mentione
492 1592 671 1658 Frontonis
698 1593 732 1657 in
759 1593 863 1678 prima
889 1594 989 1659 satira
1014 1617 1047 1658 v.
1076 1595 1116 1658 12
1145 1597 1306 1665 adductum

198 1709 303 1774 fuisse
335 1703 377 1768 ad
410 1703 615 1768 statuendum
640 1694 834 1768 Juvenalem
865 1704 913 1769 eis
945 1704 1171 1791 temporibus,
1211 1708 1304 1795 quibus

199 1818 286 1882 vixit
308 1813 532 1880 nobilissimus
554 1813 611 1877 ille
633 1814 684 1877 vir
705 1809 948 1880 meonetius
969 1813 1108 1897 Fronto,
1137 1816 1312 1887 censuim

199 1949 228 1991 a.
248 1926 319 2008 143,
341 1933 436 1989 mort.
452 1924 539 1988 circa
560 1947 589 1988 a.
608 1923 669 1985 170
685 1945 716 2007 p.
735 1917 826 2005 Chr,
842 1924 978 2009 primam
995 1920 1138 1992 satiram
1147 1932 1313 2019 scripsisse

199 2046 296 2123 atque
318 2044 396 2100 tune
423 2033 552 2100 initium
580 2035 737 2099 recitandi
769 2035 904 2115 fecisse,
936 2035 1053 2101 deiude
1081 2037 1125 2103 ob
1150 2025 1313 2128 septimun

201 2150 332 2212 satiram
356 2147 436 2210 urbe
453 2143 624 2228 expulsum
641 2145 832 2230 exulemque
848 2145 1051 2227 defunctum,
1073 2151 1169 2230 quod
1194 2154 1233 2218 in
1253 2164 1315 2221 an

104 2270 108 2283 ⁴
200 2276 282 2340 pora
304 2255 463 2320 Antonini
487 2254 539 2318 Pir
562 2232 704 2321 incidere
731 2276 865 2321 necesse
887 2277 976 2336 esse;
998 2256 1151 2325 nostrum
1179 2284 1264 2332 vero
1282 2264 1316 2329 ri·

201 2378 252 2430 tae
276 2365 467 2450 scriptorem
495 2366 632 2452 originis
659 2365 753 2451 hujus
780 2365 882 2430 famae
915 2365 1054 2432 inscium
1077 2391 1220 2440 omnem
1248 2376 1317 2441 vitre

199 2476 452 2562 descriptionem
474 2475 515 2540 ad
537 2477 672 2542 eandem
699 2478 922 2543 conformasse
951 2487 1046 2564 atque
1072 2479 1151 2546 ideo
1179 2487 1319 2554 ”diverse

201 2586 298 2670 plane
320 2608 358 2650 ac
375 2587 596 2672 repugnantia
617 2586 651 2651 in
678 2609 775 2651 unam
802 2580 1022 2652 narrationem
1044 2591 1318 2676 conglutinasset-⁰

203 2693 304 2760 Hunc
332 2696 458 2759 scilicet
490 2695 622 2759 aliunde
650 2697 814 2782 cognitam
841 2695 993 2763 habuisse
1021 2699 1163 2770 ''famam
1195 2708 1265 2776 fide
1283 2708 1320 2774 di-

202 2807 392 2893 guissimam
414 2804 612 2872 declamasse
633 2805 657 2870 J
659 2787 827 2872 uve-nalem
844 2808 885 2872 ad
900 2810 1037 2874 mediam
1053 2812 1158 2880 ferme
1178 2829 1320 2901 aetatem,

141 2977 147 2997 ,
202 2938 441 3003 paucorumque
475 2939 628 2982 versuum
660 2919 791 2983 satiram
818 2917 874 2983 diu
902 2927 976 2984 ante
1005 2922 1204 3012 scripsisse,
1235 2952 1320 3018 quau
1359 2977 1361 3012 ,

203 3025 360 3111 septimae
371 3027 505 3092 candem
515 3029 699 3110 insereret”,
712 3026 769 3092 sed
780 3029 864 3094 hane
876 3031 992 3103 samam
1009 3033 1187 3113 '’consulto
1200 3042 1321 3109 omisis
1360 3019 1361 3076 l

205 3159 253 3224 se,
277 3137 428 3220 quoniam
446 3138 516 3203 sine
538 3158 636 3203 causa
652 3136 768 3203 idonea
785 3141 912 3224 opinari
928 3163 994 3205 non
1011 3141 1123 3226 liceat,
1142 3153 1218 3214 tam
1236 3150 1320 3218 vacui

204 3246 321 3329 capitis
345 3246 446 3311 fuisse
468 3247 712 3332 compilatorem
739 3242 903 3330 nostrum,
925 3258 961 3314 ut
982 3253 1123 3319 mediam
1145 3256 1319 3328 Juvenum

204 3365 342 3421 aetatem
374 3354 515 3421 incidere
548 3359 582 3422 in
608 3357 768 3439 Neronis,
801 3369 976 3425 extremam
1007 3363 1041 3426 iu
1073 3365 1249 3436 Antonini
1275 3371 1319 3437 Pii

203 3479 352 3551 tempora
379 3465 442 3530 sibi
474 3469 704 3559 persuaserit.’'
751 3469 926 3535 Existimat
958 3468 1043 3537 enim
1070 3473 1265 3551 Franckius
1285 3502 1319 3548 ex

204 3563 413 3664 argutissima
435 3596 494 3640 sua
515 3577 723 3661 comparandi
751 3578 989 3667 colligendique
1017 3585 1145 3652 ratione
1168 3613 1249 3677 eos,
1270 3591 1318 3680 qui

204 3690 237 3751 in
260 3688 358 3753 exilio
380 3685 498 3750 satiras
526 3686 566 3748 ab
593 3687 753 3752 Juvenale
785 3690 923 3773 scriptas
956 3704 1137 3778 putarent,
1157 3701 1265 3771 talem
1284 3703 1318 3769 de

206 3799 303 3862 satira
322 3798 381 3863 illa
401 3817 581 3882 paucorum
603 3819 754 3862 versuum
777 3801 967 3866 sententiam
990 3805 1160 3888 amplex‘ps
1177 3826 1267 3899 esee,
1288 3824 1318 3879 ut

162 3932 166 3943 ·
205 3926 276 3971 eam
296 3909 452 3994 ”primum
476 3905 536 3972 sub
558 3904 691 3972 Nerone
713 3911 939 3992 compositam,
961 3912 1078 3980 deinde
1093 3918 1130 4013 in
1147 3927 1318 4011 septimam

288 4018 476 4099 Domitiano
503 4024 682 4102 receptam”
714 4019 919 4087 crediderint.
961 4025 1053 4109 Quas
1079 4018 1134 4098 nes
1160 4024 1255 4104 hune
1271 4037 1317 4103 ei-

67 4111 175 4284 κ
279 4129 471 4215 scriptorem
493 4129 534 4194 de
556 4128 715 4194 industria
736 4131 789 4194 vel
812 4134 960 4209 omisisse
987 4138 1039 4202 vel
1061 4132 1138 4234 ita,
1152 4148 1316 4232 quomodo

312 4232 348 4303 iri
370 4239 438 4303 vita
463 4239 623 4326 legantur,
655 4251 796 4306 mutasse
829 4243 949 4308 nullam
981 4237 1076 4315 aliam
1104 4254 1149 4320 ob
1171 4268 1317 4339 cautem,
