2722 4658
1148 183 1196 256 il,

117 369 190 438 uita
209 369 242 454 I,
264 369 321 440 ubi
341 368 464 435 nullum
484 366 690 452 imperatoris
712 388 831 434 nomen
850 332 1048 455 reperimus,
1071 370 1162 454 quod
1182 379 1231 440 ta·

120 500 193 547 men
214 478 437 566 multomagis
453 478 489 545 in
505 484 658 563 promptu
673 475 795 564 fingere
811 476 954 562 vitisque
968 479 1113 549 inserere
1127 480 1234 549 fuisse,

121 596 210 657 etex
226 609 262 655 se
279 596 313 657 et
333 610 375 658 ex
396 585 629 656 consuetudine
643 584 780 654 serioris
800 589 961 674 temporis
981 587 1230 664 scholiastarum

120 697 323 787 intelligitur,
333 696 444 785 planis
452 697 701 783 perspicuisque
710 695 820 765 verbis
830 698 1025 782 nominatur,
1035 720 1075 766 ea
1090 706 1142 766 est
1154 722 1232 785 pro-

120 809 207 876 fecto
227 831 280 876 res
304 807 529 876 observatione
551 806 753 895 dignissima.
786 801 913 875 Contra
933 807 1068 876 sinihil
1088 810 1130 877 de
1155 807 1230 877 loco

121 919 211 990 exilii
240 917 409 1005 proditum
439 917 572 1001 fuisset,
605 917 780 1005 quomodo,
811 940 944 1004 quaeso,
969 919 1006 986 id
1032 919 1117 988 scire
1147 918 1231 987 tanti

120 1050 194 1097 esse
216 1029 325 1114 potuit
344 1029 513 1112 momenti,
540 1036 577 1092 ut
598 1028 668 1114 qui,
691 1051 711 1095 a
730 1050 797 1113 quo
822 1029 1021 1116 imperatore
1042 1030 1078 1096 in
1099 1030 1234 1098 exilium.

119 1141 243 1206 missus
265 1147 351 1207 esset
371 1137 558 1221 luvenalis,
579 1139 614 1205 in
634 1138 741 1207 medio
756 1139 940 1224 relinquere
954 1140 1112 1226 solerent,
1132 1140 1232 1208 iidem

120 1259 188 1316 tam
208 1249 274 1316 leri
295 1258 327 1315 st
351 1250 476 1316 incerta
502 1269 601 1317 causa
625 1247 667 1315 ad
688 1249 880 1339 Aegyptum
905 1250 1155 1336 expromendam
1175 1251 1232 1318 ad·

121 1360 337 1435 ducerentur?
357 1360 594 1449 Diligentiores
616 1381 707 1444 vero,
728 1382 825 1447 quam
846 1368 883 1427 nt
905 1360 984 1446 qnid
1000 1369 1121 1428 temere
1136 1370 1232 1449 atquo

122 1493 163 1538 ex
183 1470 314 1537 arbitrio
336 1470 460 1559 fingere
482 1470 651 1554 auderent,
678 1471 780 1537 irrisae
806 1480 887 1557 puto
909 1470 1151 1539 vetustissimos
1172 1469 1233 1539 Jn·

120 1581 245 1650 venalis
266 1581 478 1668 interpretes,
500 1589 614 1666 utpote
636 1603 720 1666 quos
741 1581 825 1648 nihil
846 1604 887 1648 ex
903 1604 963 1648 suo
981 1581 1099 1649 addere
1115 1582 1232 1649 solitos

119 1691 261 1779 vestigia
281 1691 525 1776 antiquissimae
552 1692 747 1758 narrationis
775 1713 875 1778 supra
900 1699 991 1758 erute
1017 1699 1051 1758 et
1071 1690 1233 1758 illustrata

119 1802 287 1868 evidenter
317 1801 493 1869 declarent.
551 1801 604 1869 Ne
635 1802 836 1891 posteriores
873 1801 1005 1888 quidem
1037 1800 1232 1871 scholiastes

119 1909 196 1976 huic
222 1911 270 1978 rei
296 1919 418 1978 tantam
445 1913 512 1979 vim
537 1913 691 1980 tribuisse
724 1911 871 1980 videmus
897 1936 939 1982 ex
963 1913 1151 1982 narratione
1176 1913 1234 1980 illa

119 2021 269 2089 breviore
296 2031 329 2089 et
355 2030 535 2107 contracta,
567 2026 660 2111 cujus
687 2023 861 2112 imaginem
888 2024 924 2089 in
949 2023 1018 2090 vita
1037 2021 1094 2089 ΠΙ
1114 2033 1148 2098 et
1174 2024 1234 2092 rit.

119 2154 171 2221 ap.
195 2128 304 2202 (iram.
327 2157 514 2222 expressam
541 2155 693 2219 suprap.
717 2135 758 2199 25
779 2125 1023 2220 repraesentare
1050 2122 1159 2200 conati
1181 2157 1234 2202 su·

119 2266 208 2328 mus,
245 2244 303 2309 ubi
334 2244 464 2328 quidem
496 2244 619 2309 mentio
649 2244 797 2330 Aegypti
827 2244 915 2310 haud
946 2243 1043 2311 dubie
1080 2244 1237 2345 consulto
1315 2246 1318 2251 ’

122 2354 244 2420 omissa
270 2355 324 2419 sit:
367 2354 442 2419 Jam
470 2373 548 2417 vero
576 2353 650 2436 quis
678 2361 744 2433 est,
778 2352 926 2435 quinon
957 2354 1068 2419 videat
1092 2341 1209 2419 nihil'
1198 2338 1234 2420 ιιι

122 2464 232 2531 verbis
254 2462 384 2549 quintae
406 2460 549 2528 decimae
576 2460 694 2527 satirae
715 2484 747 2526 v.
769 2462 826 2525 45.
853 2473 1006 2547 quantum
1031 2464 1101 2549 ipae
1121 2468 1234 2530 notaui

122 2576 241 2658 inesse,
263 2573 351 2661 quod
372 2572 412 2644 ab
433 2570 634 2654 hominibus,
651 2571 707 2656 qui
730 2571 923 2660 accuratiori
939 2573 1068 2658 curidum
1082 2574 1234 2642 narrandi

121 2686 234 2773 generi
261 2684 442 2766 studerent,
469 2682 511 2749 ad
537 2681 646 2750 locum
673 2668 763 2748 exilii
776 2671 777 2675 ¹
790 2671 1008 2756 deliniendum
1028 2685 1155 2751 traduci
1174 2707 1234 2772 po-

122 2795 234 2874 tuerit3
261 2817 452 2881 quamquam
472 2793 568 2860 facile
589 2782 661 2862 fieri
681 2793 831 2879 potuisse
857 2816 924 2860 non
950 2781 1046 2883 nego,
1067 2802 1104 2860 ut
1123 2817 1235 2862 rumor

121 2928 314 2992 permanens
335 2904 376 2971 de
396 2904 553 2993 Aegypto
576 2905 624 2969 eis
646 2886 741 2989 quasi
763 2903 992 2988 adjuvantibus
1009 2905 1234 2990 semper,dum

123 3018 229 3085 omnis
262 3016 301 3081 de
333 3016 540 3100 imperatore,
580 3013 635 3098 qni
668 3013 756 3078 exilii
789 3018 903 3078 auctor
934 3012 1054 3097 fuerat,
1086 3015 1233 3100 cognitio

123 3127 276 3213 paulatim
299 3125 446 3208 evanuit,
468 3123 681 3190 revivisceret
703 3131 736 3188 et
756 3129 967 3205 recrearetur,
989 3122 1095 3188 donec
1115 3123 1233 3207 aliquis

123 3260 198 3306 eum
224 3237 341 3302 litteris
371 3235 587 3302 mandandum
618 3234 773 3322 suscepit
827 3231 1014 3316 Praeterea,
1047 3233 1077 3299 si
1104 3233 1236 3302 exilium

122 3347 365 3438 Aegyptiacum
392 3347 505 3430 quinta
531 3345 655 3412 decima
682 3345 781 3412 satira
807 3342 894 3410 haud
913 3343 1095 3430 improbata
1116 3347 1235 3431 rejece-

123 3460 240 3543 rimus,
273 3478 406 3524 necesse
438 3457 499 3522 erit
531 3463 671 3522 statuere
699 3448 1092 3540 Juvenalem'aliquando'
1118 3451 1235 3518 ”animi

124 3591 240 3655 nempe
262 3589 361 3634 causa
380 3567 431 3635 καὶ
451 3570 505 3647 τῆς
526 3571 657 3653 ἱστορίας
678 3563 787 3654 χάριν”
810 3564 926 3651 (verba
941 3574 1018 3633 sunt
1033 3563 1185 3634 Salmasii
1199 3564 1241 3629 in.

125 3679 241 3746 Exere.
263 3677 348 3744 Plin.
365 3700 398 3763 p.
416 3676 496 3762 452)
517 3674 706 3763 Aegyptum
727 3674 863 3759 adiisse,
884 3682 921 3741 ut
942 3683 1123 3742 statuerunt
1143 3695 1240 3759 prae,-

125 3784 369 3872 ter-Orellium,
391 3789 483 3874 cujus
505 3784 604 3852 verba
626 3806 726 3871 supra
747 3786 914 3870 annotari,
937 3779 978 3851 O·
999 3784 1054 3849 Fr.
1075 3781 1240 3850 Hermen-2

126 3920 203 3981 nus,
226 3897 356 3963 exilium
377 3893 542 3964 Scotioum
570 3895 784 3982 amplectens,
806 3903 839 3962 et
859 3894 1053 4003 Salmasius,
1080 3894 1137 3977 qui
1157 3915 1235 3980 poe·

126 4018 193 4075 tam
215 4006 457 4111 octogenarium
479 4006 559 4072 urbe
582 4014 777 4082 summotum
793 4013 890 4090 atque
905 4003 955 4070 int
956 3999 993 4070 ra
941 3999 1240 4070 tbrevissimum'

126 4130 254 4207 tempus
274 4126 436 4184 mortuum
458 4137 531 4185 esse
554 4115 706 4202 scriptori
733 4115 819 4181 vitae
841 4113 861 4179 I
882 4108 1030 4182 credidit.
1072 4110 1139 4185 Sed
1159 4111 1235 4178 tunc

127 4229 262 4316 profes
256 4251 275 4295 0
240 4227 400 4297 tmulto
420 4227 526 4316 magis
547 4226 663 4294 mirum
684 4223 857 4309 videbitur,
880 4245 938 4290 cur
959 4205 1131 4295 Juvenalis
1152 4221 1279 4293 hano

1037 4406 1079 4423 r,
1209 4399 1246 4420 ...⁸

1079 4441 1080 4445 ι
1134 4430 1136 4436 y
1241 4435 1243 4443 l

1007 4466 1012 4476 p
1208 4456 1272 4471 'rs
