2722 4658
230 386 392 439 Suinduntur
409 384 514 434 tonicae
531 387 618 434 omes
635 381 725 441 modo;
742 381 822 446 longe
840 390 960 432 eonrsoat

230 480 342 532 Serraoo
360 479 480 529 veniente
497 476 570 527 abies
587 484 666 540 etque
683 476 768 527 altera
784 476 875 540 pinum
953 484 956 487 ·

231 571 353 624 Plaustra
370 570 481 629 vehunt3
497 577 592 620 nutant
609 569 661 620 alte
679 570 827 634 populoque
844 569 984 618 minantur.
1003 588 1005 593 ·

230 666 300 718 Nem
317 667 340 715 si
357 664 509 731 procubuit,
527 665 571 729 qui
587 677 654 714 saxa
670 661 806 729 Ligustica
822 669 910 729 portet

230 759 312 819 Axis,
331 763 356 807 et
373 770 490 807 eversum
508 754 579 806 fudit
595 769 672 820 snper
689 757 794 823 agmina
809 761 936 817 mentem,

232 848 303 912 Quid
322 857 439 914 superest
456 850 488 900 de
507 848 677 914 corporibus?

80 978 168 1049 Nam
189 1004 230 1048 ex
252 981 437 1049 testimonio
459 981 589 1048 tabulae
605 980 853 1066 Heracleensis,
874 1003 957 1067 qnae
978 987 1124 1063 vocatur,
1146 979 1196 1045 iu·

79 1092 256 1160 terdictnm
288 1101 371 1174 erat,
399 1115 440 1159 ne
467 1093 541 1179 quis
568 1093 716 1180 plaustra
745 1114 805 1178 per
830 1091 902 1157 vias
924 1090 1015 1158 urbis
1036 1088 1196 1157 ”interdiu

81 1209 161 1289 post
181 1200 284 1268 solem
305 1211 410 1269 ortum
431 1224 514 1268 neve
536 1211 611 1269 ante
628 1203 742 1270 horam
758 1200 915 1268 decimam
932 1201 1015 1269 diei”
1031 1200 1197 1292 ducerent,

82 1313 149 1380 nisi
170 1334 251 1399 quae
272 1313 439 1380 materiam
460 1311 609 1378 aedificia
629 1313 762 1400 publica
782 1309 968 1378 exstruendi
988 1316 1158 1397 portarent
1169 1306 1197 1394 ¹)

84 1419 202 1488 atalia
221 1423 388 1490 nonnulla.
432 1422 530 1510 Quod
551 1421 694 1488 edictum
720 1444 779 1509 per
805 1421 872 1503 ιὶιιο
893 1420 1006 1506 priora
1020 1419 1199 1507 'imperato-

84 1555 155 1598 rum
176 1532 286 1599 secula
307 1533 451 1599 valuisse
473 1540 585 1619 atque,
606 1514 704 1620 quum
722 1532 762 1598 de
777 1531 949 1619 plaustris,
966 1529 1083 1615 quibus
1100 1549 1201 1599 onera

79 1643 197 1731 gravia
211 1643 367 1728 imposita
378 1651 497 1726 essent,
508 1644 621 1710 urbem
636 1643 688 1709 die
699 1641 857 1729 ingressis
873 1639 1048 1729 loquantur
1062 1646 1201 1718 veteres,

84 1751 167 1816 nihil
188 1750 378 1837 prohibere,
400 1753 574 1835 quominus
596 1751 637 1818 de
657 1751 817 1819 aedificiis
838 1748 981 1841 publicis
1008 1747 1201 1837 cogitemus,

83 1859 182 1926 docet
203 1858 434 1927 Friedlaender
450 1861 577 1948 (Darst
595 1884 653 1927 aus
671 1862 703 1927 d
720 1860 939 1948 Sittengesch.
959 1858 1062 1927 Roms
1078 1855 1116 1922 Τ.
1133 1854 1151 1920 Ι
1167 1879 1201 1941 p.

83 1969 152 2054 40).
186 1967 211 2034 J
211 1992 263 2036 am
277 1991 357 2037 vero
374 1970 582 2037 Domitianus
604 1979 672 2036 tam
688 1991 763 2036 acre
780 1979 814 2038 et
828 1969 996 2037 assiduum
1011 1965 1203 2045 aedificandi

85 2077 229 2146 studium
256 2100 316 2166 per
341 2087 447 2145 totum
474 2081 542 2147 iere
573 2079 732 2168 regnandi
765 2088 894 2166 tempus
925 2086 1118 2166 persecutus
1151 2083 1205 2142 est

83 2185 220 2274 (Imhof.
242 2190 265 2253 l.
288 2209 317 2253 c.
339 2210 372 2272 p.
394 2189 436 2253 83
460 2186 535 2274 sq.),
555 2197 593 2253 ut
613 2198 756 2256 veterem
779 2198 941 2258 senectam
958 2194 1089 2274 sumpto
1111 2207 1205 2273 prae·

85 2295 169 2360 aidis
193 2297 244 2360 sui
265 2295 360 2359 vultu
380 2317 500 2359 novam
520 2291 658 2360 Romam
680 2305 809 2362 exutam
830 2319 903 2365 csse
929 2297 1095 2381 praedicet
1116 2294 1207 2360 Mar·

87 2402 178 2470 tialis
199 2401 233 2468 V
255 2403 285 2467 7.
330 2399 398 2468 sed
430 2411 551 2489 quantu
583 2403 789 2469 incommoda
810 2412 843 2470 et
869 2404 1014 2492 pericula
1045 2404 1127 2472 haec
1152 2424 1205 2469 res

88 2534 200 2579 secum
221 2511 370 2578 habuerit
396 2520 536 2578 testatur
563 2511 690 2579 Plinius
713 2513 746 2579 iu
767 2512 891 2601 Paneg.
916 2515 973 2581 51:
1005 2513 1114 2581 ”Idem
1141 2521 1207 2582 tam

88 2643 207 2711 parcus
229 2623 263 2687 in
285 2621 486 2688 aedificando
502 2643 600 2706 quam
621 2621 762 2710 diligens
779 2623 813 2689 in
833 2624 965 2690 tuendo.
997 2623 1113 2707 Itaque
1129 2645 1207 2702 non,

89 2742 126 2797 ut
147 2739 231 2815 ante,
254 2731 449 2813 immanium,
467 2731 708 2798 transvectione
735 2746 888 2799 saxorum
909 2731 1000 2798 urbis
1015 2740 1109 2798 tecta
1130 2755 1208 2817 qua-

89 2844 224 2908 tiuntur.
267 2840 365 2911 Stant
391 2862 524 2908 securae
546 2840 679 2922 domus,
699 2862 760 2906 nee
789 2844 857 2926 jam
885 2841 1005 2925 templa
1030 2843 1208 2906 nutantis!⁹

89 2952 183 3037 Quae
204 2951 305 3018 uerba
324 2949 427 3016 Plinii
449 2950 529 3015 satis
550 2957 638 3015 certe
659 2948 836 3032 affirmant,
858 2949 1053 3017 Jnvcnelem
1074 2951 1116 3016 ad
1137 2946 1208 3017 Do·

91 3062 218 3128 mitiani
238 3071 388 3146 tempora
409 3058 616 3142 studiumque
637 3061 708 3143 ejus
730 3056 923 3124 aedificandi
950 3069 1132 3145 spectasse,
1154 3082 1210 3127 cu·

88 3175 145 3260 jus
165 3178 401 3257 postmortem
422 3167 581 3255 pericula,
603 3188 686 3253 quae
708 3190 748 3234 ex
764 3169 899 3236 materia
915 3169 1136 3238 aedificiorum
1157 3193 1209 3239 ur·

195 3413 217 3473 ¹)
235 3410 298 3459 Vid.
315 3407 478 3458 Mazoohii
496 3406 767 3459 ”Commentariorum
780 3411 809 3458 in
825 3411 892 3477 regii
904 3410 1108 3463 Herculanensis
1124 3413 1210 3465 Musei

93 3519 189 3557 mucan
207 3503 311 3555 tabulas
328 3500 533 3552 Heracleenscs”
550 3499 637 3550 Partis
655 3501 683 3551 II
699 3500 823 3566 (Neapoli
838 3503 914 3569 1755)
928 3521 953 3570 p.
966 3505 1030 3555 352:
1050 3502 1138 3564 ”Quae
1154 3505 1212 3557 ciac

93 3598 122 3650 io
138 3597 196 3650 arbe
212 3594 293 3647 Roma
309 3599 376 3653 sunt,
392 3599 474 3653 ocor.
497 3594 566 3644 tetro
590 3611 621 3649 eo
643 3593 708 3656 ioca,
730 3594 770 3646 cti
789 3596 842 3658 (in)
859 3598 991 3649 madoco&
1010 3596 1165 3659 hoditobttur,
1181 3615 1213 3652 os

94 3690 151 3758 meta
167 3689 194 3739 io
210 3690 245 3741 eis
261 3688 307 3738 ciis
318 3694 378 3759 post
392 3684 521 3739 Kalendas
537 3685 679 3738 Jcoccrios
692 3688 791 3757 primos
802 3688 921 3760 pestem
942 3689 1051 3743 interdic
1063 3697 1125 3760 post
1139 3691 1212 3746 sotem

95 3787 190 3843 wtum,
206 3797 263 3833 aeae
280 3780 438 3834 calolorem
455 3778 574 3832 decimam
592 3780 643 3833 diei
659 3781 748 3840 ducito,
765 3783 838 3850 opilo,
855 3784 906 3834 atsi
929 3783 993 3850 qnod
1013 3782 1110 3835 aedium
1126 3798 1213 3838 socra-

95 3889 151 3925 rum
173 3871 282 3925 Deorum
306 3872 480 3924 immortalium
506 3888 584 3924 cocco
605 3873 828 3941 aedificandorum,
853 3875 963 3944 operisve
982 3875 1080 3943 publice
1098 3867 1214 3944 faciendi

93 3981 174 4019 cccco
196 3965 297 4030 adecti,
310 3967 411 4039 portori
436 3966 562 4035 oportebit,
587 3974 632 4019 out
652 3967 717 4036 quod
736 3983 767 4021 ec
787 3968 847 4020 arbe
867 3982 924 4020 estve
945 3968 980 4019 eia
997 3967 1057 4019 locis
1074 3985 1158 4021 eorum
1174 3984 1213 4021 re·

97 4074 165 4121 nna,
184 4075 247 4126 quoe
259 4059 355 4127 publice
371 4058 525 4112 demoliendo
546 4059 599 4112 leco
620 4067 702 4121 ercet,
720 4061 816 4130 pollice
837 4062 964 4129 exportari
984 4061 1100 4130 oportetit
1115 4070 1138 4113 et
1153 4077 1213 4128 qoo-

97 4167 252 4204 cumrerum
274 4167 350 4205 cccco
370 4151 489 4223 plaustro
510 4151 558 4204 loc
583 4152 634 4221 lepe
656 4153 728 4205 certis
745 4153 879 4204 inminibus
895 4157 967 4205 certis
985 4154 1015 4206 de
1031 4156 1112 4208 cecata
1129 4170 1213 4223 opere,

97 4243 186 4298 elucere
203 4244 289 4298 licebit.
1193 4242 1195 4244 ’

202 4353 243 4419 (c.
261 4355 334 4422 Η
350 4356 383 4408 v.
402 4357 488 4421 racc.)
1123 4348 1147 4393 ‘e
1166 4346 1280 4384 Φ-
