2722 4658
1100 196 1140 261 tt

70 407 162 469 mus,
183 383 365 452 retractatis
386 389 484 466 atque
505 378 632 446 ineam
653 380 806 463 formam,
827 401 924 468 quam
945 386 1032 448 nuno
1052 381 1183 468 habent,

70 497 211 580 reflatis,
232 495 378 561 'animum
403 493 438 558 in
465 490 649 577 praesentia
675 499 822 576 tempora
848 498 1038 558 convertere
1064 495 1183 580 eoepit.

65 608 125 676 -Ibi
147 615 251 674 status
270 605 451 669 litterarum
471 599 612 679 homini,
633 601 689 686 qui
712 623 747 667 se
768 600 887 668 litteris
908 610 1014 668 totum
1029 602 1185 687 dedisset,

71 716 211 786 maxime
243 713 337 779 cordi
368 733 441 779 esse
471 710 620 777 debebat
673 709 785 794 Atque
815 711 1056 800 indignatione,
1088 727 1186 800 quam

63 829 155 894 haee
174 847 228 892 rea
250 823 281 890 ei
302 829 463 903 moverat,
485 820 581 905 quasi
595 819 759 886 relaxatus
775 819 817 886 ad
833 831 1056 909 argumentum
1080 823 1187 891 erhe-

64 945 182 1005 torum
198 933 322 1003 sobolis
339 930 480 1017 quodam
494 930 593 996 modo
610 930 747 1016 petitum
768 931 803 996 in
824 940 969 998 ootara
986 934 1087 999 satira
1102 943 1187 1000 trao-

71 1047 208 1116 tandum
224 1044 385 1112 sedatiore
401 1042 509 1107 animo
526 1040 670 1122 transiit,
687 1061 784 1125 quam
801 1041 916 1108 eodem
931 1050 1092 1129 tempore,
1120 1066 1186 1130 quo

66 1159 212 1248 priores,
227 1150 442 1242 compositam
463 1172 537 1218 esee
558 1149 703 1217 ostendit
719 1175 750 1217 r.
769 1151 840 1234 120,
857 1152 914 1218 ubi
931 1154 1075 1241 ejusdem
1086 1154 1188 1222 Marii

66 1267 185 1336 Prisoi
200 1265 320 1333 mentio
336 1265 388 1347 fit,
403 1262 445 1328 de
461 1285 526 1348 quo
543 1261 585 1328 ad
600 1262 739 1347 primam
749 1262 880 1329 satiram
891 1263 1053 1333 diximus..
1068 1266 1190 1352 Quam·

67 1371 174 1466 *quam
193 1373 528 1464 peculiaritemporis
550 1380 629 1438 nota
649 1380 739 1437 earet
760 1393 860 1438 nona
886 1373 1001 1457 satira,
1029 1384 1063 1441 et
1082 1396 1189 1443 rerum

75 1489 124 1556 ibi
155 1487 376 1574 expositurum
407 1481 547 1549 foeditas
576 1490 609 1548 et
634 1490 724 1548 totus
757 1483 915 1550 orationis
948 1485 1040 1551 eolor
1071 1485 1191 1554 elarius

67 1600 222 1668 indicant
243 1620 314 1664 eam
335 1615 464 1682 quoque
485 1592 630 1680 ejusdem
656 1593 811 1680 temporis
838 1615 911 1661 esse
933 1615 971 1660 ao
995 1591 1193 1717 superiores,

75 1734 175 1799 quarn
196 1708 296 1776 utin
310 1706 370 1773 hae
391 1727 427 1772 re
448 1703 540 1770 dubii
561 1702 759 1769 haereamus
933 1713 935 1717 ‘

70 1873 74 1880 .
102 1849 104 1853 ·
179 1818 230 1886 Ut
251 1838 336 1883 nuno
361 1815 584 1902 quaestionem
611 1812 654 1880 ed
679 1822 779 1900 eaput
803 1815 900 1898 illud,
927 1816 1050 1902 quod
1041 1840 1077 1883 ιιι
1103 1818 1193 1884 exilii

70 1907 211 2000 'auctore
229 1926 432 2015 explorando
455 1933 613 2007 versatur,
633 1923 765 1991 tandem
787 1927 1034 2011 transferamus,
1055 1936 1130 2014 apte
1152 1927 1194 1994 ad

71 2039 339 2131 ‘persuadendum
371 2037 450 2103 mihi
482 2036 670 2122 disputasse
704 2021 830 2119 videor,
856 2035 1065 2104 fundamenta
1096 2038 1194 2124 primi

76 2153 196 2223 saltem
216 2149 292 2216 libri
314 2169 352 2215 ae
373 2149 514 2216 fortasse
536 2147 633 2213 etiam
660 2145 795 2214 seeundi
816 2145 876 2212 sub
898 2147 1088 2213 Domitiano
1107 2150 1196 2234 jueta

78 2284 155 2328 esse
176 2270 272 2343 atque
294 2257 411 2324 deinde
432 2280 453 2323 a
474 2256 631 2344 scriptore
653 2264 850 2344 pertractata
871 2266 905 2322 et
925 2257 1075 2339 conflata,
1096 2280 1195 2344 quum

82 2370 259 2437 carminum
291 2367 443 2435 volumen
476 2371 653 2438 emissurus
681 2378 769 2437 esset
781 2371 819 2456 ¹).
862 2368 974 2454 Atque
1000 2369 1106 2456 ipsam
1127 2370 1196 2436 edi·

72 2482 205 2548 ‘tionem
239 2480 348 2547 statim
374 2487 452 2566 post
477 2503 596 2547 annum
625 2481 870 2564 materterae
902 2479 1001 2546 hoe
992 2502 1065 2567 rpso
1099 2503 1194 2565 anno,

82 2592 289 2660 subsecutam
322 2611 395 2658 esse
427 2613 539 2657 omnes
572 2591 640 2658 fere
672 2592 882 2674 recentiores,
909 2599 1047 2693 exeepto
1074 2592 1196 2658 Frano-

80 2704 138 2770 kio
165 2702 246 2790 (vid.
269 2691 423 2788 suprap.
450 2700 518 2790 56),
550 2702 760 2768 consentiunt
792 2710 826 2767 et
857 2688 1039 2769 clarissimo
1072 2711 1198 2790 tempo·-

81 2816 128 2880 ris
159 2813 292 2896 iudicio,
324 2811 427 2899 quod
451 2812 571 2879 habet
585 2812 691 2899 prima
727 2812 841 2895 satira,
880 2812 1070 2900 diligentius
1102 2835 1197 2900 repa·-

82 2932 152 2988 teto
174 2924 357 2989 consentire
379 2921 510 2988 debent.
551 2921 625 2989 Neo
646 2931 753 2988 tamen
778 2944 888 2989 omnes
916 2935 983 2988 tres
1010 2923 1136 3009 priores
1158 2923 1197 2988 li·

83 3033 135 3097 bri
154 3033 307 3120 junctim,
329 3031 386 3098 sed
409 3031 492 3097 alius
519 3027 596 3119 post
622 3033 721 3098 ulium
748 3033 923 3119 separatim
949 3033 1029 3099 editi
1050 3055 1122 3101 esse
1144 3035 1197 3100 uel

83 3142 159 3208 ideo
180 3142 314 3228 putandi
339 3149 430 3226 sunt,
452 3144 542 3226 quod
564 3166 681 3211 nornen
700 3144 803 3210 libelli
817 3144 852 3208 in
868 3145 973 3229 prima
990 3145 1089 3211 satira
1104 3168 1198 3213 usur-

76 3261 196 3339 patum
217 3253 386 3338 aptissime
407 3253 449 3319 ad
471 3255 568 3323 unius
589 3261 715 3320 tantum
738 3255 911 3322 voluminis
928 3256 1097 3322 oirouitum
1120 3279 1199 3342 qna·

81 3363 177 3430 drare
198 3361 328 3429 videtur
349 3372 444 3450 atque
465 3365 600 3451 insuper
620 3365 736 3430 ultima
756 3365 845 3432 illius
869 3367 987 3433 satirae
1009 3369 1109 3434 verba
1124 3388 1198 3432 oum

81 3475 283 3560 argumentis
308 3475 342 3539 in
369 3474 469 3540 tertio
499 3475 584 3541 libro
617 3477 840 3562 imprimisque
867 3478 901 3542 in
930 3478 1066 3565 septima
1099 3477 1199 3544 satira

83 3587 230 3650 tractatis
263 3605 378 3670 parum
410 3586 616 3671 conspirant,
648 3586 706 3652 ubi
737 3595 867 3673 poetam
895 3609 930 3654 se
952 3586 992 3652 ad
1014 3585 1199 3672 praesentia

82 3703 231 3778 tempora
256 3694 419 3781 respicere
450 3693 539 3761 vhaud
566 3696 705 3763 obscure
737 3697 884 3784 profiteri
905 3697 1057 3763 diximus.
1101 3695 1200 3764 Prae-

83 3813 174 3869 terea
195 3805 315 3892 singuli
335 3804 371 3870 hi
392 3805 467 3871 libri
489 3813 615 3873 tantum
636 3807 705 3873 fere
727 3830 880 3878 versuum
901 3828 1068 3877 numerum
1096 3808 1200 3876 eonti-

84 3922 178 3997 nent,
205 3933 300 3999 quam
317 3935 393 3985 ,uno
421 3914 586 3981 volumine
608 3917 840 4003 eomprehendi
862 3916 996 3984 solitum
1021 3939 1095 3986 esse
1121 3941 1199 3986 eou-

84 4031 160 4091 stat.
203 4021 288 4092 Sunt
307 4024 418 4112 igitur,
440 4031 478 4090 ut
497 4047 569 4093 mea
590 4025 654 4092 fert
674 4028 797 4114 opinio,
819 4049 922 4115 parvo
945 4030 1103 4114 temporis
1125 4051 1200 4114 apa·

84 4146 285 4159 *a

186 4196 207 4259 ¹)
226 4195 268 4247 cf.
288 4197 356 4262 quod
374 4199 401 4248 in
419 4197 529 4249 eandem
546 4197 601 4250 fera
618 4203 774 4255 senteutiam
792 4202 934 4268 disputarit
952 4199 1003 4255 Gn.
1020 4201 1052 4252 u.
1070 4201 1201 4253 Weberue

84 4290 102 4338 l.
121 4303 142 4339 e.
159 4305 185 4354 p.
203 4290 253 4339 226
271 4306 308 4355 sq.
