2722 4658
219 1134 428 1219 Quantopere
450 1133 652 1203 nobilissima
679 1134 736 1199 illa
757 1134 915 1218 quaestio,
942 1135 1080 1217 quaein
1100 1143 1224 1219 tempo·

117 1242 207 1308 ribus
230 1245 316 1309 vitae
338 1245 380 1308 D.
403 1244 496 1309 Junii
518 1244 688 1333 Juvenalis
715 1246 776 1309 rite
790 1235 1039 1310 'constituendis
1067 1253 1224 1325 versatur,

118 1354 249 1440 ingenia
276 1354 537 1419 doctissimorum
568 1355 713 1420 virorum
738 1356 916 1420 exercuerit
948 1364 1091 1441 quotque
1118 1355 1225 1418 varias

118 1472 213 1548 atque
246 1465 328 1540 inter
360 1464 520 1529 sevaldo
553 1465 774 1548 discrepantes
807 1465 996 1529 excitaverit
1034 1464 1225 1544 sententias,

115 1574 266 1639 omnibus
290 1584 402 1639 notum
424 1582 484 1639 est.
528 1575 580 1638 Ao
602 1595 720 1663 negare
741 1597 807 1640 non
828 1595 1002 1660 possumus
1019 1574 1151 1644 earnita
1167 1596 1227 1660 per

118 1706 154 1748 se
177 1706 249 1748 esse
276 1692 506 1768 comparatam,
539 1693 575 1748 ut
601 1683 642 1748 ad
674 1685 901 1767 inquirendum
933 1684 1017 1749 ultro
1050 1684 1168 1751 invitet
1194 1692 1228 1751 et

119 1793 211 1876 quasi
233 1793 266 1856 vi
288 1794 397 1859 neseio
419 1816 483 1878 qua
503 1795 700 1879 corruptrice
723 1795 764 1858 ad
784 1795 951 1861 veritatem
972 1816 1031 1880 per
1047 1793 1228 1859 contrarios

120 1901 272 1986 opinandi
292 1913 435 1996 conatus
468 1905 640 1970 eruendam
667 1905 796 1970 alliciat.
844 1903 882 1973 Si
906 1905 979 1989 quis
1012 1905 1112 1991 igitur
1137 1901 1228 1967 aditu

120 2013 288 2078 sententiis
307 2015 394 2079 inter
416 2035 451 2080 se
466 2016 723 2102 repugnantibus
739 2022 869 2101 patente
885 2014 967 2079 nihil
984 2013 1169 2093 verisimile,
1186 2033 1228 2076 ne

121 2122 230 2187 dicam'
248 2125 344 2204 certi,
370 2146 410 2191 ex
437 2127 641 2210 quaestione,
668 2148 763 2210 quam
790 2147 875 2211 nunc
897 2126 937 2190 ab
952 2126 1087 2212 integro
1109 2131 1229 2189 retrac-

120 2243 190 2299 tare
223 2235 364 2316 institui,
401 2234 638 2316 assequendum
675 2257 747 2301 esse
784 2236 1002 2317 contenderit,
1039 2234 1228 2319 praesertim

122 2363 220 2427 quum
252 2354 329 2427 post
361 2352 428 2415 tam,
458 2364 564 2407 aorem
591 2354 624 2409 et
650 2344 852 2430 diligentem,
884 2365 982 2426 quam
1008 2344 1042 2408 in
1069 2365 1140 2408 eam
1167 2344 1229 2407 viri
1256 2400 1258 2404 Α

122 2474 265 2517 summae
297 2452 462 2517 doetrinae
496 2463 590 2536 atque
623 2454 825 2518 auctoritatis
857 2453 1074 2538 impenderint
1105 2461 1256 2532 curam‚'

121 2584 255 2649 prorsus¹
277 2562 363 2627 nulla
385 2562 490 2627 adhuc
513 2573 584 2628 orta
611 2564 655 2630 sit
680 2564 863 2645 consensio,
885 2563 988 2628 habeo
1012 2570 1118 2629 tamen
1139 2563 1229 2649 quod

109 2658 343 2759 respondeam.
361 2673 517 2757 Quamuis
531 2675 659 2738 enimin
671 2697 705 2737 re
717 2675 914 2761 argumentis
925 2674 1114 2739 certissimis
1125 2695 1229 2758 paene

122 2784 253 2848 omnino
281 2783 435 2849 destituta
462 2784 517 2848 vix
538 2783 609 2848 fieri
634 2785 754 2869 possit,
783 2794 819 2848 ut
844 2785 962 2850 nudam
984 2784 1227 2869 simplicemque

122 2893 267 2977 veritatis
289 2893 446 2958 rationem
468 2893 759 2979 deprehendamus,
787 2916 852 2958 non
874 2904 925 2960 est
950 2903 1057 2958 tamen
1078 2893 1118 2958 de
1141 2893 1228 2958 omni

123 3003 286 3085 veritatis,
309 3003 425 3066 nedum
446 3002 684 3088 probabilitatis
707 3005 817 3089 specie
839 3003 1085 3089 desperandum.
1130 3004 1179 3067 At
1200 3003 1228 3071 si

122 3111 156 3176 in
179 3111 510 3199 hacinvestigatione
532 3137 592 3199 pro
615 3138 678 3180 una
699 3112 823 3201 plures,
847 3122 882 3178 ut
899 3136 1011 3179 revera
1026 3112 1145 3177 factum
1167 3121 1228 3194 cst,

121 3221 360 3310 probabilitatis
378 3225 502 3308 species
520 3246 681 3311 emergere
698 3233 850 3311 pergant,
867 3234 902 3288 ut
919 3225 973 3287 alii
989 3223 1084 3290 aliam
1101 3232 1229 3289 senten·

121 3333 198 3397 tiam
216 3354 319 3415 aequo
333 3335 404 3418 jure
420 3335 570 3420 amplecti
587 3334 765 3418 videantur,
782 3343 859 3398 tunc
875 3343 961 3399 certe
978 3332 1227 3401 concederede·

122 3443 253 3508 beamus
266 3443 386 3508 frustra
398 3466 469 3508 esse
482 3467 611 3529 operam
622 3445 759 3529 amplius
771 3445 966 3529 impendere.
993 3443 1059 3512 Sed
1070 3443 1148 3511 mihi
1160 3465 1227 3507 om-

122 3575 181 3618 nes
197 3555 347 3619 itinerum
364 3554 530 3640 ambages,
543 3577 622 3638 quas
636 3577 718 3642 vaga
734 3566 766 3619 et
776 3554 863 3620 fluxa
874 3556 953 3620 satis
970 3556 1024 3620 diu
1037 3540 1115 3619 haec
1132 3576 1228 3638 quae·

123 3664 187 3728 stio
224 3644 423 3750 peragravit,
462 3664 732 3750 circumspicienti
766 3664 953 3751 jamdudum
985 3663 1145 3749 persuasi,
1178 3665 1227 3731 eis

122 3773 302 3839 rationibus
335 3784 368 3838 et
406 3775 616 3860 argumentis,
655 3795 791 3858 quorum
830 3770 938 3861 opem'
962 3774 996 3838 in
1035 3795 1226 3859 prosperum

120 3893 272 3949 eventum
298 3906 434 3949 evocare
466 3884 576 3968 liceat,
609 3887 780 3974 diligenter
806 3884 1040 3964 consideratis,
1066 3866 1133 3948 non
1160 3896 1228 3948 ino-

122 3994 165 4058 do
187 4016 283 4058 unam
310 3997 598 4081 argumentationis
631 3997 714 4064 viam
746 4006 832 4060 recte
865 4016 937 4060 esse
969 3994 1249 4080 ingrediendam,

124 4105 183 4170 sed
209 4105 304 4170 etiam
336 4127 432 4184 unam
465 4107 695 4174 sententiarum
727 4105 869 4170 omnium
902 4125 1056 4170 summam
1089 4103 1228 4173 obtineri

121 4236 233 4303 posse,
271 4237 353 4299 quae
387 4215 458 4282 sola
487 4215 552 4282 fide
581 4215 679 4303 digna
711 4213 867 4281 habeatur
881 4278 884 4283 ,
899 4222 936 4280 et
959 4215 1061 4297 quasi
1088 4196 1311 4272 aeream!

225 4343 266 4409 (c.
284 4345 356 4413 s-g
372 4347 405 4398 v.
423 4346 510 4411 reae.)
1152 4328 1178 4369 Χ
