2722 4658
1162 210 1201 272 81

128 412 192 475 que
220 391 336 458 studiis
358 400 425 457 tam
451 414 581 473 aversa,
609 394 771 477 carpenda
805 394 910 457 valere
944 392 1124 458 videantur.
1175 391 1242 460 Sed

129 502 180 567 fac
202 523 315 569 versus
335 501 413 568 illos
437 504 496 569 sub
518 501 687 567 Hadriano
710 502 840 567 tandem
862 504 896 567 in
919 504 1089 589 septimam
1112 503 1243 569 satiram

128 613 271 680 insertos
293 622 371 678 tnnc
393 612 484 679 exilii
510 634 639 678 causam
665 614 839 678 exstitisse.
887 613 991 698 Quid,
1019 613 1169 697 obsecro,
1197 615 1244 681 sic

128 724 359 808 assequemur?
392 721 524 791 Omissa
545 724 631 788 enim
659 724 759 787 altera
787 724 840 787 vel
867 724 1022 808 septimae
1050 725 1169 790 satirae
1191 723 1245 788 vel

130 833 274 898 omnium
302 834 479 899 carminum
503 831 645 897 editione
673 856 712 897 ex
739 832 873 897 arbitrio
900 833 976 897 ficta
1002 855 1137 918 prorsus
1160 835 1243 900 nihil

127 942 168 1007 de
194 941 368 1009 Hadriano
401 950 597 1026 compertum
630 940 799 1025 habemus,
832 942 920 1026 quod
947 964 1019 1006 cum
1051 953 1242 1030 argumento

126 1074 284 1118 versuum
310 1052 440 1119 illorum
466 1053 642 1137 conspiret.
691 1050 763 1117 Nec
791 1073 868 1117 sane
897 1052 997 1117 verba
1022 1053 1179 1138 epistolae
1202 1055 1243 1121 ad

129 1160 327 1228 Juvenalem
348 1162 451 1243 datae,
474 1181 556 1243 quae
579 1160 740 1241 dicuntur,
762 1160 901 1224 intexta:
936 1165 988 1227 ”et
1009 1171 1042 1226 te
1063 1162 1245 1230 Philomela

127 1272 324 1357 promovit”,
346 1292 429 1355 quae
451 1280 651 1356 quantopere
673 1268 714 1333 ad
735 1269 900 1356 ingenium
922 1269 1083 1336 Hadriani
1105 1274 1245 1339 facetum

125 1380 314 1468 salibusque
334 1378 463 1446 acerbis
485 1378 658 1466 indulgens
681 1379 854 1462 quadrent,
877 1402 1003 1462 omnes,
1026 1383 1083 1464 qui
1098 1406 1160 1468 pro
1176 1384 1246 1449 Ha·

124 1490 243 1557 driano
264 1501 430 1579 pugnant,
454 1511 519 1554 uno
543 1510 597 1554 ore
620 1489 821 1554 conclamare
844 1489 964 1570 solent,
986 1492 1068 1555 tanti
1091 1493 1245 1576 ponderis

126 1609 219 1686 aunt,
229 1612 269 1667 ut
283 1610 389 1667 totam
398 1600 656 1667 controversiam
669 1598 828 1662 dirimant.
856 1598 961 1683 Quam
972 1600 1099 1667 levibus
1112 1613 1247 1669 temere-

127 1734 193 1795 que
220 1712 363 1799 arreptis
388 1711 568 1778 rationibus
595 1709 755 1775 Hadriani
782 1720 1059 1797 propugnatores,
1093 1714 1189 1779 etiam
1217 1717 1246 1781 si

130 1822 169 1885 in
190 1820 300 1886 vital
320 1820 362 1889 de
382 1822 475 1887 exilio
500 1832 616 1908 poetae
643 1820 845 1905 octogenarii
873 1842 948 1885 rere
970 1821 1123 1888 traditum
1144 1835 1247 1906 esset,

131 1951 233 2019 saepe
259 1941 402 2015 utantur,
431 1932 509 1998 haec
536 1931 636 1996 verba
662 1929 834 1996 Ribbeckii
861 1931 895 1994 in
917 1932 1018 2016 praef.
1041 1933 1092 1998 ed.
1114 1935 1192 2001 Juv.
1214 1960 1247 2021 p.

127 2056 188 2105 ΧΠ
209 2042 403 2129 documento
425 2043 507 2110 sint:
533 2044 585 2107 ”in
612 2043 729 2127 quibus
760 2042 938 2126 (versibus)
966 2065 1064 2126 quum
1085 2043 1249 2111 Philome·

122 2152 178 2219 lac
199 2174 324 2219 nomen
344 2150 515 2218 histrionis
538 2152 705 2237 cujusdam
728 2160 806 2215 tunc
828 2153 1049 2235 praepotentis
1072 2152 1169 2217 bilem
1192 2176 1247 2218 ex-

125 2263 285 2341 citasset,
310 2262 377 2329 irae
402 2261 591 2329 homunculi
618 2260 792 2347 indulgens
815 2282 852 2323 ao
881 2262 1020 2325 fortasse
1042 2264 1094 2327 sui
1118 2284 1246 2348 quoque

128 2368 206 2437 cdii
227 2370 379 2458 explendi
398 2381 602 2460 praetextum
624 2371 780 2455 arripiens
797 2368 985 2433 Hadrianus
1002 2373 1245 2456 octogenarium

125 2478 264 2547 cohorti
285 2481 320 2548 in
341 2490 484 2549 extrem
506 2481 653 2570 Aegypti
675 2488 767 2565 parte
790 2477 933 2544 tendenti
956 2480 1140 2563 praefecit.'’

232 2590 339 2679 Ergo,
358 2602 395 2657 ut
415 2592 458 2658 ad
479 2595 618 2678 primum
640 2590 720 2655 illud
742 2599 897 2670 revertar,
918 2611 1016 2673 quum
1038 2598 1105 2658 tres
1121 2592 1248 2674 priores

118 2700 304 2769 satirarum
334 2700 438 2769 libros
471 2702 532 2767 sub
564 2700 703 2786 Trojano
738 2699 844 2765 editos
878 2721 951 2763 esse
984 2708 1112 2765 constet
1143 2724 1248 2785 neque

117 2818 214 2877 certa
233 2812 306 2877 ulla
327 2820 363 2877 et
388 2812 569 2898 probabilis
598 2811 709 2876 afferri
735 2811 842 2894 possit
868 2831 980 2887 causa,
1009 2831 1074 2889 cur,
1097 2811 1126 2874 si
1148 2810 1249 2875 luve-

125 2918 216 2987 nalis
247 2922 376 2987 seriore
409 2922 551 3006 quodam
582 2931 728 3005 tempore
761 2920 794 2981 in
825 2916 958 2982 exilium
990 2920 1113 3001 ejectus
1145 2931 1248 3003 esset,

126 3028 274 3095 hemum
294 3030 413 3113 fuerit,
434 3041 473 3095 ut
492 3053 606 3097 versus
630 3029 755 3093 90-93
778 3038 845 3092 tum
871 3027 998 3091 demum
1021 3028 1177 3111 septimae
1200 3053 1251 3096 sa·

127 3136 211 3205 tine
236 3140 474 3223 intexerentur,
501 3142 683 3224 requiretur
711 3160 811 3214 nunc,
839 3158 996 3219 quaenam
1018 3159 1070 3203 res
1093 3139 1168 3223 ipso
1191 3139 1249 3205 illo

123 3256 279 3335 &mpura
304 3250 527 3317 cavillationis
556 3248 773 3336 suspicionem
800 3268 930 3311 movere
958 3247 1137 3330 potuerint.
1178 3248 1251 3315 Nec

123 3355 268 3425 deerant
288 3382 369 3427 sane
391 3361 551 3447 ejusmodi
571 3383 639 3440 res,
662 3380 796 3442 quarum
819 3357 899 3422 satis
921 3365 1014 3421 certa
1036 3358 1076 3422 ad
1097 3381 1157 3424 nos
1178 3381 1252 3443 per·

126 3464 270 3547 luteast
291 3472 453 3557 cognitio,
477 3493 573 3553 quam
595 3494 652 3533 cur
673 3468 816 3552 plerique
834 3467 1040 3552 neglexerint
1060 3489 1098 3530 ac
1118 3490 1180 3551 pro
1203 3470 1252 3533 ni-

131 3574 289 3645 hilarere
318 3581 524 3665 putaverint,
552 3580 701 3662 equidem
730 3599 856 3660 semper
878 3577 988 3641 miror.
1033 3575 1142 3640 Verba
1164 3579 1252 3644 euim

133 3682 251 3755 Diouis
282 3684 401 3757 Cassii
431 3690 513 3755 haec
545 3699 675 3755 exstant
702 3685 858 3750 LXVIII
892 3688 962 3773 1οεΙ
982 3682 1134 3768 thurando
1162 3688 1193 3753 al
1215 3688 1253 3755 τά

139 3806 166 3857 it
188 3794 344 3885 κητήρια
371 3799 465 3883 ἤγαγε
492 3799 542 3865 καὶ
561 3796 696 3871 maaian
719 3793 937 3877 ἐπωνομάσθη,
963 3797 994 3859 ἕν
1014 3820 1044 3856 τε
1066 3798 1109 3873 τῷ
1128 3794 1255 3881 θεάτρῳ

143 3898 316 3989 maritove
336 3910 496 3988 συνεβαλε,
516 3913 567 3970 καὶ
587 3904 644 3990 yrip
663 3910 781 3989 ἔχαιρεν
810 3903 925 3977 critola
950 3900 1000 3965 καὶ
1015 3898 1087 3975 τούς
1107 3898 1256 3988 dumetae

148 3999 219 4077 istd
239 4014 369 4095 θέατρον
392 4010 569 4096 ἐπανήγαγε,
591 4020 640 4079 καὶ
659 4010 717 4095 ydp
739 4008 806 4085 emh
828 4009 928 4075 αὐτῶν
950 4011 1001 4071 τοῦ
1016 4005 1165 4073 Πυλάδου
1186 4010 1257 4093 ἦρα-

111 4138 114 4145 “
156 4108 231 4193 (Μ
248 4130 330 4205 post
350 4122 452 4186 linem
480 4120 557 4186 belli
578 4121 693 4186 Dacici
714 4119 810 4202 primi
838 4136 921 4180 anno
945 4115 1006 4177 103
1028 4138 1061 4199 p.
1085 4111 1166 4180 Chr.
1190 4120 1257 4181 fac·

161 4222 287 4314 tuest,
309 4252 380 4315 quo
407 4240 555 4315 tempore
584 4231 649 4295 Dio
676 4228 893 4311 pantomimos
922 4246 942 4286 a
961 4222 1108 4307 Traiano
1128 4227 1270 4285 restitu-

241 4356 277 4415 (ο.
291 4358 370 4427 8-3
388 4362 419 4411 ν.
439 4361 524 4421 racc.)
1164 4345 1185 4387 a
