2722 4658
1151 220 1171 284 3
1285 205 1290 210 .

101 421 184 488 latae
206 432 283 488 sunt
305 423 389 486 vitae
412 418 584 488 Juvenalis
605 421 822 503 narrationem,
843 442 882 486 eo
905 421 1141 508 frequentiores
1163 426 1212 491 in·

100 542 255 599 vaserunt
287 532 460 617 opiniones
492 530 577 595 inter
604 552 638 595 se
671 529 819 596 diversae
846 541 880 597 et
910 543 1144 620 repugnantes,
1175 544 1212 599 ut

100 641 370 729 diligentissimus
392 642 494 724 labor,
517 663 612 727 quem
634 664 736 727 usque
758 641 883 707 adhoc
905 650 1033 729 tempus
1054 646 1088 709 in
1115 666 1237 731 quae·-

101 753 206 819 stione
229 761 348 819 nostra
373 752 459 822 baud
485 753 582 837 pauci
608 751 824 837 collocarunt,
846 751 920 840 plus
948 755 990 820 ad
1017 777 1086 823 eam
1106 753 1214 824 invol-

100 864 238 930 vendam
261 871 293 927 et
315 862 550 928 obscurandam
572 886 669 950 quarn
696 864 927 950 expediendam
949 864 1212 952 enodandumque

99 970 280 1041 contulisse
308 974 449 1059 judicari
474 974 592 1060 possit.
639 973 664 1039 J
670 999 700 1041 o.
722 973 765 1039 V.
787 975 1006 1041 Franckius
1034 984 1067 1041 et
1089 972 1129 1042 C.
1151 976 1212 1043 Fr.

99 1083 346 1151 Hermannus
373 1085 459 1151 inter
484 1086 698 1167 recentiores,
732 1085 787 1170 qui
813 1086 853 1152 de
881 1109 919 1151 ea
939 1108 974 1151 re
997 1087 1213 1171 scripserunt,

99 1193 196 1259 facile
231 1194 396 1280 principes
434 1195 644 1278 exstiterunt,
686 1217 824 1279 quorum
862 1197 943 1261 alter
979 1195 1121 1262 inlausta
1157 1195 1215 1262 illa

37 1327 42 1354 ι
79 1306 256 1391 sopinione
278 1303 318 1370 de
340 1304 424 1373 falso
448 1305 538 1371 exilii
564 1317 746 1372 commento
780 1315 895 1393 captus
922 1304 1003 1370 nihil
1036 1308 1120 1389 fere,
1148 1327 1215 1391 quo

100 1415 173 1501 ipsa
199 1415 370 1481 dirimatur
401 1416 641 1499 controversia,
670 1415 792 1499 attulit,
814 1416 916 1482 multa
948 1439 1036 1500 voro,
1063 1439 1146 1502 quae
1173 1415 1216 1482 ad

102 1526 291 1592 vetera·illa
312 1527 500 1595 testimonia
522 1527 733 1592 examinanda
750 1526 1019 1613 dijudicandaque
1041 1527 1216 1615 plurimum

100 1636 245 1718 valeant3
284 1637 365 1702 alter
397 1654 431 1701 et
461 1637 533 1721 ipse
572 1637 643 1703 sine
679 1637 778 1702 dubio
816 1644 1025 1722 praesumpta
1042 1626 1216 1722 'opinione

100 1745 218 1811 ductus
247 1746 331 1810 hanc
361 1745 529 1832 judicandi
558 1745 784 1830 subtilitatem,
811 1749 902 1834 cujus
929 1745 1023 1811 initia
1049 1755 1115 1812 tam
1141 1769 1218 1835 pro-

102 1877 197 1940 spere
219 1864 374 1941 posuerat
399 1855 596 1938 Franckius‚
630 1856 763 1921 omnino
785 1855 954 1945 negligens
983 1879 1023 1922 ex
1051 1855 1216 1925 veteribus

101 1964 169 2030 illis
190 1965 441 2032 narratiunculis
468 1990 536 2033 non
562 1974 629 2032 tam
651 1989 690 2033 ea
716 1967 832 2054 elegit,
858 1989 940 2053 quae
962 1989 1022 2053 per
1043 1987 1078 2032 se
1099 1965 1217 2051 proba·

101 2077 193 2161 bilia,
215 2097 311 2160 quam
332 2099 415 2163 quae
436 2080 557 2164 majore
579 2079 711 2144 testium
732 2074 867 2143 numero'
883 2076 1107 2144 commendata
1128 2075 1218 2142 vide·

100 2195 221 2253 rentur.
264 2185 306 2253 Ο.
328 2186 573 2255 Ribbeckius
595 2211 684 2271 vero,
706 2196 880 2274 postquam
898 2186 1035 2254 editioni
1055 2208 1133 2254 suae
1155 2186 1218 2254 Ju-

101 2295 290 2363 venalianae
313 2295 464 2382 (Lipsiae
482 2297 681 2383 1859),p1us
700 2298 815 2363 audaci
830 2278 975 2363 novandi
991 2296 1101 2363 studio
1120 2318 1218 2381 quam

103 2428 183 2471 sana
204 2415 289 2486 arte,
307 2415 352 2497 ut
378 2404 476 2472 hodie
498 2406 625 2489 dicunt,
653 2406 766 2472 critica
792 2407 930 2495 insigni,
957 2388 1086 2471 doctam
1112 2415 1146 2471 et
1172 2405 1219 2472 la-

102 2515 268 2583 boriosam
295 2515 539 2604 argumentandi
565 2517 724 2582 rationem
752 2516 906 2589 accedere
932 2525 972 2602 et¹
991 2516 1111 2582 librum
1131 2517 1219 2585 ”Der
1335 2571 1338 2578 .

102 2626 197 2692 echte
218 2625 285 2692 und
306 2625 364 2691 der
385 2624 523 2691 unecbte
545 2625 706 2692 Juvenal''
728 2627 920 2714 inscriptum
942 2628 1110 2712 superiore
1132 2648 1226 2694 anno.

67 2727 234 2824 ''prodire
263 2737 377 2823 jussit,
409 2735 570 2803 uberrima
594 2735 727 2820 quidem
759 2736 946 2823 disputandi
973 2738 1069 2823 copia
1090 2759 1219 2804 omnem

103 2848 144 2914 de
166 2848 337 2914 satirarum
358 2844 530 2913 «luvenalis
558 2845 668 2912 indole
694 2845 956 2935 disquisitipnem
983 2848 1063 2913 mire
1085 2846 1218 2931 ditavit,
1324 2870 1326 2877 ’

104 2958 189 3023 unde
211 2967 318 3023 tamen
340 2958 396 3023 vix
417 2955 519 3020 ullum
540 2955 680 3024 fructum
701 2941 749 3020 ad*
765 2946 912 3041 tempora
933 2957 1020 3041 vitae
1047 2960 1117 3043 ejus
1140 2978 1220 3023 con·

106 3067 270 3136 stituenda
290 3067 412 3152 capias.
457 3064 495 3134 Si
515 3064 671 3137 nonnulla
700 3064 741 3131 ad
769 3065 853 3130 hanc
874 3067 1098 3148 quaestionem
1119 3067 1221 3152 perti-

105 3186 218 3262 neant,
239 3177 410 3242 maximam
431 3183 556 3261 partem
577 3174 655 3241 talia
678 3182 768 3258 sunt,
796 3197 878 3261 quae
900 3198 971 3241 eam
992 3177 1097 3266 magis
1120 3178 1219 3244 etiam

104 3287 275 3354 molestam
300 3295 543 3373 tortuosamque
570 3286 721 3370 reddant,
753 3306 820 3354 non
846 3287 983 3352 multum
1009 3288 1040 3353 ei
1066 3288 1145 3354 novi
1170 3289 1220 3354 lu·

105 3399 203 3466 minis
225 3397 430 3486 adspergant.
474 3398 528 3462 Ac
554 3418 594 3461 ne
621 3397 817 3464 abstinuisse
849 3397 980 3482 quidem
1012 3397 1142 3465 videtur
1168 3401 1220 3468 vir

19 3521 23 3545 ¹
105 3507 330 3591 doctissimus,
357 3509 436 3593 quin
463 3508 548 3573 inter
573 3507 681 3573 varias
709 3506 749 3572 de
776 3506 873 3573 exilio
895 3517 1012 3593 poetae
1039 3509 1219 3576 sententias
1259 3546 1266 3557 ι

58 3697 63 3717 x
107 3643 178 3686 eam
208 3622 314 3706 ipsam
344 3617 552 3704 potissimum
583 3618 733 3704 eligeret,
766 3638 848 3703 quae
880 3619 1002 3704 optime
1034 3620 1069 3684 in
1096 3619 1145 3701 id,
1178 3618 1221 3686 ad

107 3729 196 3816 quod
217 3731 302 3817 ap'ud
323 3751 396 3793 eum
418 3727 525 3794 omnia
547 3737 710 3812 spectant,
736 3727 940 3814 probandum
961 3728 1149 3816 quadraret,
1170 3730 1222 3799 vi·

108 3840 227 3908 delicet
246 3847 283 3905 ut
303 3839 464 3928 ”quinque
485 3837 588 3923 illas”,
615 3858 696 3922 quas
724 3845 821 3905 vocat
846 3837 1134 3907 ''declamationes’'
1160 3840 1222 3907 fal·
1303 3864 1313 3875 ·

109 3972 164 4019 sas
186 3973 257 4016 esse
279 3957 312 4016 et
334 3951 466 4035 satiras,
487 3969 568 4036 quas
591 3946 767 4033 existimat,
788 3946 962 4014 Juvenalis
979 3947 1103 4016 crebris
1121 3951 1220 4016 inter·

107 4059 329 4147 polationibus
367 4058 497 4126 vitiatas
535 4079 576 4124 eo
612 4058 740 4126 facilius
777 4055 989 4142 comprobare
1024 4066 1140 4147 posset
1159 4060 1219 4147 -(.

109 4193 142 4258 r·
165 4171 205 4235 67
229 4171 295 4256 so)
971 4160 976 4177 '
