2722 4658
226 195 268 261 74

183 380 366 450 rationibus
398 379 621 467 imprimisque
653 377 743 443 exilii
774 385 908 446 auctore
940 376 1149 463 explorandis
1186 397 1306 463 parum

182 492 354 579 processit
400 491 455 556 Ac
476 490 660 576 quicunque
682 486 747 554 hoo
769 507 899 554 carmen
919 487 1010 553 nulla
1031 487 1188 574 opinione
1207 507 1308 572 prae·

180 603 327 690 judicata
347 602 465 669 ductus
484 599 610 688 legerit,
625 607 773 685 tempora
788 597 972 664 Domitiani
987 598 1105 663 artium
1120 595 1307 663 liberalium

182 713 362 779 cultoribus
384 719 451 778 tam
473 709 585 798 iniqua
605 709 702 776 facile
723 715 891 798 mosset
931 708 989 774 Ad
1009 705 1184 794 Trajanum
1200 706 1306 794 igitur

183 844 219 888 se
244 821 410 888 convertit
435 820 623 904 Juvenslis,
655 819 691 886 in
719 840 785 903 quo
817 818 917 885 unico
951 840 1048 905 spem
1076 824 1109 883 et
1140 815 1307 883 rationem

182 931 379 1017 studiorum,
400 950 483 1019 quaa
503 928 614 1017 priore
634 937 782 1016 tempore
797 927 914 994 misere
935 927 1087 1016 neglecta
1108 925 1305 1014 jacuissent,

183 1043 326 1131 positam
348 1062 422 1109 esse
443 1040 504 1121 ait3
525 1039 617 1106 nullo
641 1037 804 1107 modoad
827 1035 1048 1123 Hadrianum,
1074 1045 1113 1102 ut
1138 1035 1225 1103 alios
1245 1037 1307 1103 ins·

178 1161 347 1240 penatores
369 1150 410 1216 ab
432 1149 505 1218 aliis
526 1151 717 1238 propositos
740 1148 899 1215 omittam.
943 1145 1005 1214 Hle
1032 1149 1119 1214 enim
1144 1147 1303 1235 princeps

179 1277 255 1347 eos,
276 1260 334 1347 qui
357 1261 476 1328 litteris
501 1280 634 1346 operam
660 1256 798 1342 dabant,
825 1259 856 1325 si
881 1278 950 1325 non
975 1257 1162 1325 ardentiore
1191 1258 1303 1326 studio

180 1371 348 1457 amplexus
370 1379 436 1454 est,
459 1371 507 1436 ita
528 1369 646 1436 saltem
668 1366 796 1456 adjuvit
810 1377 844 1434 et
863 1367 1049 1436 sublevavit
1059 1370 1099 1455 ¹),
1121 1376 1158 1434 ut
1181 1368 1303 1436 tristis·

178 1481 293 1548 simam
313 1481 496 1548 litterarum
516 1479 690 1567 imaginem
711 1479 745 1543 in
767 1478 829 1543 hac
845 1478 947 1546 satira
964 1498 1153 1565 expressam
1169 1477 1205 1544 in
1223 1487 1306 1546 tem·

177 1613 262 1679 pore
293 1594 362 1678 ejus
401 1589 518 1658 cadere
555 1588 741 1657 existimare
778 1589 913 1656 minim
949 1596 1206 1656 consentaneum
1247 1590 1304 1658 sit.

176 1699 266 1785 Nec,
287 1701 397 1785 oredo,
428 1700 599 1787 quisquam
626 1700 691 1767 sibi
718 1708 806 1767 recte
827 1699 1054 1787 persuadebit,
1075 1697 1303 1767 conditionem

176 1806 358 1878 litterarum
383 1811 565 1896 artiumque
592 1810 653 1876 sub
674 1807 845 1877 Hadriano
872 1802 968 1876 raldo
994 1808 1123 1876 felicem
1148 1817 1215 1876 tam
1245 1827 1300 1878 su·

176 1919 248 1986 bito
268 1928 415 1986 exortam
436 1939 532 2006 esse,
545 1927 584 1984 ut
603 1919 688 1986 hanc
709 1919 922 1987 miserrimam
943 1919 1101 1987 continuo
1118 1920 1298 2007 exceperit.

175 2023 315 2097 Minime
336 2050 415 2097 rero
437 2052 497 2116 par
517 2024 581 2096 fuit
607 2028 752 2097 modicas
780 2028 909 2116 laudes,
936 2053 1018 2117 quas
1039 2029 1094 2097 hic
1115 2024 1263 2100 Caesari
1280 2053 1301 2098 a

178 2141 339 2228 scriptore
371 2157 476 2228 paene
506 2141 612 2209 inrito
638 2141 806 2228 'impertiri
836 2141 1002 2225 ridemus,
1034 2139 1204 2208 Hadriano
1238 2143 1302 2208 tri·

105 2240 110 2251 ’
174 2249 290 2332 baare,
322 2251 379 2337 qui
407 2250 655 2319 ardentissimus
681 2247 992 2339 liberalissimusque
1019 2251 1204 2318 studiorum
1229 2251 1304 2319 fau·

173 2363 228 2427 tor
254 2361 421 2431 exstitisse
448 2356 618 2450 dieitust).
666 2358 733 2431 sed
760 2370 892 2448 praeter
923 2362 985 2430 has
1018 2368 1171 2430 externas
1198 2363 1302 2431 ratio·

173 2494 248 2555 nes,
280 2473 399 2560 quibus
431 2472 543 2561 plures
576 2470 674 2560 adjici
706 2479 849 2559 possunt
879 2480 914 2540 et
945 2494 1006 2541 suo
1039 2494 1189 2560 quaeque
1221 2472 1299 2542 loco

174 2633 378 2648 m

275 2729 298 2790 ¹)
316 2727 359 2779 Cf.
377 2727 446 2780 Plin.
463 2726 563 2795 Penog.
579 2729 626 2778 47:
657 2725 742 2788 Queat
761 2729 851 2789 sitnm,
873 2730 951 2796 qnid?
970 2747 1051 2785 mores
1066 2731 1201 2801 fanmtntis
1221 2747 1298 2800 quarn

167 2820 343 2892 principaliter
351 2820 469 2885 formas!
489 2818 565 2881 Quem
581 2820 696 2874 macron
713 2820 811 2875 dicendi
826 2823 968 2892 moqistris,
985 2841 1059 2892 quarn
1073 2811 1239 2894 diqnationern
1255 2842 1298 2878 sa·

166 2911 278 2986 pietatm
294 2912 429 2968 morosos
445 2914 532 2968 lma!
554 2911 587 2966 Ut
602 2915 644 2967 ml
662 2922 684 2968 se
699 2916 812 2986 apertam
829 2923 855 2970 er
867 2917 1010 2986 solymam
1026 2924 1051 2971 et
1060 2919 1176 2987 patriam
1199 2934 1296 2989 exspe-

171 3016 231 3061 ront
245 3008 343 3061 studiat
370 3023 433 3076 qaas
449 3009 565 3077 priorem
586 3015 719 3077 temporam
743 3011 887 3062 immanitas
909 3010 992 3064 mitte
1007 3011 1140 3080 prmielat,
1157 3028 1233 3080 qnam
1250 3015 1296 3067 nn

171 3103 285 3154 cosmo
306 3103 411 3154 ommam
432 3102 542 3163 marsim
559 3102 677 3171 princeps
695 3103 811 3154 inimicas
827 3104 894 3154 vitiis
911 3110 977 3157 artes
989 3121 1038 3156 non
1053 3104 1109 3159 odio
1127 3108 1208 3176 moqls
1223 3123 1296 3175 qaas

172 3195 310 3248 reverentia
326 3174 455 3264 roleanet.
489 3195 526 3245 Aa
540 3202 566 3245 tn
583 3193 680 3247 candeo
698 3201 764 3248 artes
780 3195 808 3246 in
824 3195 960 3264 complent,
982 3198 1070 3259 scalis,
1091 3200 1194 3252 mnam
1214 3201 1295 3256 haba.

175 3287 250 3350 Quae
267 3288 348 3338 verba
367 3290 495 3353 quianon
512 3289 591 3351 videt,
610 3303 687 3354 quam
705 3297 766 3354 apte
785 3303 842 3339 oum
859 3291 935 3340 initio
954 3295 1079 3356 septimae
1097 3294 1197 3346 satiras
1214 3296 1294 3348 Juve-

91 3448 92 3452 ,
172 3383 239 3434 nelis
258 3382 419 3446 conspirent,
437 3383 460 3430 si
477 3396 493 3432 a
509 3381 646 3433 blanditiis
663 3381 809 3433 laudatoris
826 3382 932 3447 paulum
950 3385 1110 3437 discesseris.

273 3519 296 3581 ²)
313 3516 355 3568 Cf.
373 3517 431 3566 Ael.
451 3515 538 3582 Spart.
555 3521 602 3569 vit.
620 3519 703 3570 Hadr.
722 3519 766 3569 16:
793 3518 837 3572 sed
858 3521 967 3586 qnamsm
989 3529 1052 3575 esset
1070 3524 1097 3573 in
1113 3523 1291 3592 reprehenden-

171 3610 210 3662 dis
226 3611 338 3670 musicis,
356 3609 469 3679 tropicis,
492 3611 601 3674 comica,
623 3613 803 3680 qrammatieis,
830 3613 965 3666 rhetoribus
982 3614 1088 3682 facilis,
1109 3623 1191 3671 menen
1213 3636 1293 3673 omnes

166 3705 322 3774 professores
338 3707 362 3758 et
377 3702 507 3757 immanis
521 3711 545 3757 st
560 3705 646 3759 divina
655 3705 731 3774 fecit,
749 3706 805 3759 licet
820 3721 861 3759 sas
878 3708 1056 3774 mammetem
1072 3725 1167 3780 semper
1185 3714 1292 3782 wione

170 3798 213 3848 rit.
247 3797 284 3849 Et
299 3813 371 3866 mem
388 3798 440 3868 ipsc
456 3803 541 3850 castor
558 3806 628 3862 esset,
649 3806 677 3850 nt
696 3799 767 3851 malti
788 3800 819 3853 ab
835 3817 864 3853 eo
880 3802 961 3856 tristes
980 3803 1131 3869 recederent,
1154 3805 1251 3859 deam
1266 3821 1291 3858 ss

172 3891 281 3960 praviter
290 3891 377 3959 forre,
394 3893 417 3942 si
435 3909 504 3960 qoem
520 3893 612 3946 tristem
629 3893 729 3946 adon.
763 3892 795 3945 ln
811 3909 906 3948 mmma
914 3896 1096 3964 familiaritate
1112 3897 1253 3967 Epictetum
1269 3906 1292 3954 et

170 3981 331 4037 Heliodorum
355 3985 512 4056 philosophos
535 3993 570 4046 et,
590 4003 621 4039 ne
636 3989 779 4041 nominatim
801 3989 832 4041 tle
853 3991 960 4042 manes
985 3991 1077 4054 dicam,
1103 3996 1292 4060 prammatioos,

169 4075 289 4138 risores,
306 4080 421 4139 mensos,
438 4087 580 4148 peometras,
593 4081 710 4149 pictores,
727 4076 862 4151 astronom
879 4083 968 4146 doluit,
984 4099 1048 4152 prae
1064 4086 1157 4148 cotom,
1176 4087 1291 4139 etmulti

170 4177 291 4230 mount,
308 4170 422 4225 eminente
438 4170 570 4226 Favorino.
610 4171 742 4234 Doctores,
768 4175 810 4242 qai
830 4176 981 4244 professioni
1001 4192 1060 4232 snae
1079 4157 1200 4233 innobiles
1222 4179 1292 4234 vids-

187 4262 197 4347 1'
211 4270 215 4277 “
260 4301 267 4330 ,
285 4263 374 4319 ditatos
390 4263 565 4337 honoratosque
581 4285 599 4322 a
610 4267 764 4338 professione
780 4269 879 4324 dimisit.
