2722 4658
134 164 173 228 56

80 334 156 415 ¹hoc
178 350 224 414 ita
246 349 304 431 sit,
326 350 439 436 negari
461 359 572 435 potest
595 350 688 416 valde
709 351 791 417 mira
806 351 842 414 in
858 351 1030 416 satirarum
1046 347 1210 434 scriptore

1 478 4 487 ’
54 534 56 538 ,
93 459 250 526 exsistere
272 460 347 526 talis
370 458 467 524 animi
489 482 595 524 rerum
623 461 866 543 praeteritarum
893 461 1047 526 memoria
1073 459 1212 524 exarde-

95 568 216 634 scentis
247 560 454 657 significatio.
498 569 565 633 Fac
587 569 683 634 etiam
705 565 765 635 nos
788 571 980 652 concedere,
1003 568 1092 655 quod
1112 568 1213 634 mini·

93 701 145 744 me
178 680 418 746 concedendum
450 675 742 763 autumnalem
774 681 879 768 legem
913 681 1061 768 satiricae
1093 679 1211 764 poesis

94 787 226 855 omnino
247 789 429 876 propriam,
458 812 554 874 quam
582 800 753 874 sequentes
782 791 953 856 satirarum
975 790 1154 876 scriptores
1176 788 1213 854 in

94 897 241 966 homines
264 901 412 987 aequales
434 879 716 986 praesentiumque
743 910 925 987 temporum
946 892 1001 966 res
1020 896 1132 965 invehi
1156 921 1214 966 so·

83 1008 171 1103 litos
194 1019 339 1091 constat,
362 1031 402 1076 ex
423 1010 584 1075 industria
606 1009 687 1076 adeo
705 1018 913 1096 aspernatum
930 1031 1018 1094 esse,
1040 1017 1077 1074 ut
1097 1013 1215 1095 ''prae-

95 1141 170 1188 sens
191 1120 319 1206 tempus
343 1120 551 1208 castigaverit
572 1121 713 1209 imagine
734 1121 918 1208 praeteriti”
941 1119 1055 1207 (verba
1077 1129 1158 1186 sunt
1169 1116 1213 1188 Ο.

94 1230 210 1298 Jahnii
231 1212 268 1295 in
288 1230 376 1296 Prol.
398 1231 440 1297 ad
467 1232 558 1296 Pers.
581 1254 616 1316 p.
637 1247 714 1293 Lxx
736 1233 839 1317 ann),
871 1233 983 1296 nescio
1017 1228 1096 1317 quid
1128 1231 1215 1298 rude

95 1348 128 1406 et
149 1340 401 1427 incompositum
416 1344 457 1408 ‚in
478 1343 539 1407 hac
562 1343 674 1425 satira,
697 1343 783 1428 quod
807 1341 862 1407 alii
879 1363 1010 1427 quoque
1028 1341 1091 1409 sibi
1108 1363 1214 1429 agno-

95 1452 185 1519 visse
203 1453 268 1518 uisi
291 1455 417 1536 sunt1),
439 1475 499 1537 pro
523 1474 593 1516 mea
614 1462 705 1538 parte
727 1475 792 1518 non
816 1458 1034 1538 possum'non
1052 1474 1216 1538 agnosce-

94 1584 140 1628 re.
185 1559 317 1629 Certum
350 1563 511 1646 quandam
544 1565 700 1629 rationem
729 1572 762 1627 et
790 1564 884 1647 quasi
911 1573 1026 1644 artem,
1050 1563 1090 1627 ad
1112 1583 1215 1646 quam

97 1656 243 1760 singulae
266 1683 391 1759 partes,
418 1674 502 1738 inter
529 1696 564 1739 se
592 1696 705 1758 parum
727 1682 806 1758 apte
838 1673 1049 1738 cohaerentes
1076 1680 1110 1737 et
1132 1693 1215 1739 con-

79 1771 255 1866 tinuatae,
278 1784 469 1867 dirigantur,
492 1780 658 1847 desidero:
680 1793 745 1846 tam
757 1793 947 1849 coacervata
965 1793 1041 1849 sunt
1052 1782 1214 1868 exempla,

91 1912 179 1975 ¹quae
200 1899 437 1977 proponuntur,
466 1893 533 1975 jam
560 1890 656 1957 nimis
685 1893 862 1957 constricta
891 1914 928 1956 ac
957 1893 1045 1958 velut
1065 1893 1160 1958 inter·
1179 1916 1215 1960 se

97 2157 131 2207 al.
153 2158 205 2208 uid.
228 2157 260 2205 A.
284 2157 314 2206 L.
336 2155 462 2208 Dbllen.
486 2157 608 2225 Beitriage
634 2175 680 2208 zur
706 2159 794 2208 Kritik
819 2175 845 2208 u.
866 2159 939 2208 Erkl.
956 2158 986 2207 d.
1007 2159 1067 2208 Juv.
1086 2159 1217 2221 (Kiovise

97 2249 174 2311 1846)
191 2267 216 2315 p.
230 2252 261 2298 22
280 2253 336 2316 sq.);
353 2249 467 2302 Baebius
484 2253 574 2303 Massa
593 2262 619 2303 et
636 2253 731 2304 Metius
747 2253 841 2313 Carus,
859 2254 989 2303 notissimi
1002 2253 1152 2304 Domitiani
1170 2255 1217 2305 de-

58 2332 64 2343 ἲ
95 2344 193 2395 latores
210 2345 284 2408 (Tac.
303 2345 336 2394 H.
354 2345 394 2395 IV
413 2347 454 2406 50,
473 2347 536 2413 Agr.
554 2347 596 2409 45,
614 2346 682 2397 Plin.
700 2363 739 2411 ep.
758 2346 917 2407 15,1114,
936 2348 970 2395 sl.
987 2345 1067 2396 Mart.
1083 2343 1142 2395 XII
1161 2347 1217 2410 25);

96 2437 217 2499 Latinus,
243 2440 410 2489 archimimus
437 2448 463 2489 et
489 2441 590 2490 delator
615 2420 762 2490 Domitia'ui
788 2439 871 2502 (Suet.
888 2439 966 2488 Dom.
986 2413 1025 2503 15,
1047 2439 1162 2490 Mart-I
1187 2442 1217 2491 4:

100 2531 156 2592 Qua
176 2530 200 2580 Τ
198 2533 304 2599 hymelea
321 2540 453 2601 spectaret
474 2533 607 2584 derisorem
624 2531 740 2584 Latinam
758 2541 784 2583 et
801 2535 844 2594 al.;
869 2532 958 2583 Schol.
976 2533 1009 2581 ad
1027 2533 1087 2581 duv.
1106 2533 1149 2582 IV
1169 2534 1234 2595 333²
1285 2574 1288 2583 .

100 2626 133 2675 cf.
150 2624 277 2690 Grysar.
304 2626 360 2675 Der
386 2627 451 2674 rbm.
476 2626 573 2674 Mimas
599 2627 727 2688 (Viennae
756 2627 831 2692 18b4)
858 2643 883 2690 p.
902 2627 958 2688 62);
984 2645 1008 2675 v.
1031 2625 1062 2676 39
1082 2626 1116 2676 cf.
1132 2626 1218 2679 Mart.

21 2698 26 2709 '
97 2717 137 2766 rv
155 2716 179 2783 a,
196 2717 224 2767 11
242 2719 287 2778 aa
305 2735 328 2766 v.
347 2717 379 2766 ce
399 2718 431 2768 af.
448 2718 526 2766 nara.
544 2716 730 2779 11114111
751 2717 796 2780 1⁵,
816 2720 856 2767 rs.
882 2719 1011 2768 uentron
1028 2720 1173 2772 aronam
1192 2734 1217 2770 v.

99 2811 130 2859 12
148 2809 255 2860 multum
281 2812 373 2862 tribuit
394 2812 538 2861 Franckius
562 2827 587 2875 p.
606 2811 638 2860 86
656 2827 694 2876 sq.
712 2814 801 2863 dicens
829 2812 907 2862 verba
930 2811 1019 2862 Schol.
1043 2813 1075 2862 ad
1093 2813 1119 2862 h.
1137 2815 1171 2865 1.:
1188 2817 1218 2866 ia

94 2900 223 2956 Oratione
248 2904 435 2972 clamataque
452 2911 540 2972 poetae
564 2904 709 2966 recitabant,
727 2906 810 2955 lucem
833 2921 906 2980 suam
935 2907 1051 2970 accipere
1072 2922 1106 2957 ex
1122 2907 1217 2961 Front.

99 2997 148 3062 Ep.
162 2999 200 3048 ud
217 2999 253 3048 M.
272 2999 348 3050 Caes.
365 3000 393 3048 11
411 2999 428 3046 4
446 3000 497 3061 (ed.
515 2998 666 3060 Niebuhr.):
691 2997 771 3050 Plotae
787 2998 886 3048 multum
907 2997 967 3048 mili
981 2994 1136 3064 'facetiarum
1157 2983 1216 3052 cea·

99 3088 153 3140 talu
168 3091 224 3142 istic
243 3089 343 3142 Oratiua
365 3090 478 3152 Flaccus,
504 3091 668 3142 memorabilia
684 3100 773 3158 poeta,
798 3092 903 3157 mihique
922 3099 1024 3160 propter
1045 3091 1216 3148 Maecenatem

99 3191 123 3236 et
138 3182 337 3234 Maecenatianos
362 3186 442 3235 hortos
462 3199 527 3235 meos
546 3201 594 3233 aaa
616 3183 717 3255 alienas.
752 3185 827 3232 Hanc
850 3186 883 3233 ob
906 3200 1011 3235 cansam
1032 3189 1124 3236 statuit
1140 3187 1232 3240 Mar-‘

101 3276 249 3328 armillum
267 3275 429 3339 Cornelium,
446 3293 479 3327 ex
497 3276 688 3341 computatione
706 3277 787 3340 ipsius
805 3279 1010 3343 nonagenarium
1028 3278 1082 3330 fere
1101 3280 1173 3332 circa
1189 3298 1214 3334 a.

102 3369 150 3419 165
168 3374 310 3425 mortuum,
327 3383 343 3416 a
361 3366 487 3423 Juuehale
515 3377 742 3420 commemoratum
769 3379 795 3419 et
817 3373 927 3435 primam
953 3375 1059 3422 satiram
1086 3374 1212 3427 sexehnio

43 3522 50 3529 ᾖ
101 3471 161 3527 post
177 3462 256 3513 Marii
275 3462 465 3514 damnationem
484 3467 606 3530 scriptam
624 3479 689 3543 esse.
725 3464 779 3516 Sed
801 3466 866 3514 haec
887 3467 986 3516 incerta
1004 3473 1063 3517 sunt
1080 3483 1130 3518 nec
1144 3440 1211 3520 tem·

34 3619 41 3628 ·
102 3558 193 3619 porum
211 3557 326 3613 rationes
344 3553 498 3608 Frontonem
525 3558 599 3606 illum
617 3558 667 3607 huc
694 3559 795 3607 traduci
821 3561 971 3621 permittere
997 3569 1066 3610 recte
1093 3564 1161 3613 vidit
1178 3564 1211 3613 A.

99 3648 191 3699 Maius
208 3651 236 3698 in
255 3664 346 3699 comm.
364 3649 469 3711 praevio
488 3650 519 3697 ad
538 3650 578 3699 ed.
596 3649 685 3699 Front.
703 3651 836 3721 (Francoi.
854 3652 930 3714 1816)
949 3669 973 3716 p.
986 3667 1020 3703 vr.
1046 3652 1168 3706 Forsitan
1186 3657 1211 3706 h.

104 3744 121 3792 1.
139 3743 323 3808 intelligendus
350 3742 384 3791 sit
405 3740 501 3790 Fronto
525 3726 616 3794 cattis
634 3760 651 3794 a
668 3744 753 3794 Plinio
782 3745 897 3808 pluribus
924 3746 988 3796 locis
1015 3745 1053 3809 (11
1077 3749 1117 3809 11,
1139 3748 1209 3798 lva

98 3826 142 3883 ¹VI
160 3834 202 3898 13)
220 3844 385 3885 memoratus.
420 3835 516 3885 Verum
535 3840 664 3900 cognitum
681 3854 734 3888 uon
751 3838 887 3900 habemus,
905 3853 967 3888 uum
983 3853 1035 3902 qua
1048 3842 1210 3892 necessitudo

104 3932 172 3980 inter
191 3929 237 3978 hos
256 3932 324 3978 viros
341 3930 515 3978 intercesserit
532 3930 604 3991 (vid.
621 3930 746 3982 Niebuhr.
765 3933 806 3981 ed.
824 3934 913 3982 Front.
931 3932 964 3981 ad
982 3932 999 3979 l.
1019 3934 1059 3994 c).

205 4049 227 4110 ¹)
246 4046 300 4096 Gn.
317 4048 347 4096 ts.
367 4048 519 4099 Weberus
537 4051 564 4098 in
583 4066 648 4100 vers.
665 4067 744 4117 germ.
762 4063 810 4103 sat.
823 4053 888 4119 ..Iun
906 4053 1001 4116 (Halae
1020 4054 1096 4116 1838)
1118 4071 1142 4120 p.
1162 4055 1210 4104 234
1309 4066 1312 4081 ¹

105 4150 131 4194 et
148 4142 326 4223 Voelkerus
344 4143 370 4191 in
387 4142 448 4193 libri
467 4143 607 4218 ''durenaL
625 4140 669 4226 e'in
683 4144 795 4216 Lebens·
812 4147 865 4196 und
880 4144 1084 4199 Charakterbild
1102 4163 1148 4200 aus
1166 4149 1212 4198 der

148 4251 169 4319 1.
187 4234 348 4287 Kaiserzeit''
367 4235 552 4298 (Elberfeldiae
573 4236 648 4300 1881)
666 4239 783 4312 inscripti
800 4257 825 4305 p.
843 4241 883 4290 30.
