2722 4658
1159 194 1206 279 37:
1263 167 1267 176 '

100 392 101 399 ’
186 390 266 488 ,nis
293 389 525 489 dignitatem,
554 387 599 460 ad
624 385 779 460 mediam
805 388 926 462 ferme
946 394 1102 482 aetatem
1121 385 1250 460 decla-s

191 510 333 590 mavit.
386 517 427 590 In
454 515 623 619 Paridem
650 513 999 611 panthonimimum‚
1026 514 1088 610 qui
1115 514 1152 588 in
1179 515 1252 607 deq

208 643 301 718 liciis
328 643 426 741 apud
445 640 637 739 Trajanum
656 638 918 738 Imperatorem
939 641 1148 727 habebatur,
1168 641 1241 740 pri·

211 796 270 843 mo
297 770 459 845 carmina
484 768 619 854 edidit,
647 793 739 866 quae
755 779 893 877 postea
919 769 1080 844 inseruit
1097 770 1135 843 in
1162 794 1241 843 eam
1313 866 1321 882 ,

207 899 374 975 satiram:
403 880 462 971 ”et
486 921 571 996 spes
599 905 636 970 et
661 896 788 999 ratio.”
838 897 934 972 Sunt
959 905 1080 971 autem
1105 896 1213 971 haec:

283 1042 361 1104 Quod
379 1033 429 1092 non
446 1043 510 1092 dant
528 1056 661 1106 proceres,
678 1041 872 1092 dabit'histrio:
891 1050 919 1092 tn
937 1042 1089 1095 Camerinos

282 1136 317 1185 Et
335 1136 445 1197 Bareas,
464 1144 491 1186 tu
508 1136 633 1185 nobilium
651 1151 747 1200 magna
765 1136 834 1185 atria
852 1137 942 1186 curas?

280 1230 430 1280 Praefectos
448 1228 563 1292 Pelopea
579 1228 657 1291 iacit,
675 1228 822 1280 Philomela
838 1229 963 1279 tribunos.

206 1337 345 1444 Quibus
368 1339 544 1438 Trajanus
570 1338 780 1438 intelligens
806 1339 898 1414 vitia
929 1340 1029 1439 carpi
1061 1340 1116 1416 sui
1148 1351 1239 1416 tem·

204 1469 316 1566 poris,
344 1466 399 1540 ira
425 1464 587 1565 percitus
613 1474 810 1562 praetextu
842 1465 993 1540 honoris
1023 1467 1096 1546 hoo
1126 1470 1237 1544 modo
1309 1542 1310 1547 ,

128 1664 135 1671 .
201 1605 333 1694 poetae
353 1591 482 1667 mortis
502 1591 737 1667 instruendae
752 1593 1064 1690 opportunitatem
1083 1592 1236 1670 invenit.

200 1722 305 1798 Fecit
331 1746 416 1796 eum
435 1719 660 1818 praelectum
680 1719 839 1794 militum
859 1730 986 1795 contra
1005 1718 1154 1809 Scotos,
1175 1723 1246 1819 qui

201 1848 341 1925 bellu‘m
359 1848 540 1924 Romanis
558 1857 766 1935 moverant,
806 1847 856 1923 ibi
888 1858 931 1925 ut
961 1847 1151 1925 Juvenalis
1184 1849 1250 1924 in-·‘

87 1984 110 2024 ³
202 1972 443 2052 terficeretur.
477 1976 537 2050 Ex
563 2002 636 2074 quo
657 1975 826 2052 effectum
848 1985 914 2062 est,
930 1987 972 2052 ut
984 1989 1097 2076 poeta
1116 1977 1237 2052 animo

201 2115 455 2183 consternatus
483 2130 532 2178 ex
558 2103 692 2179 inentis
719 2103 944 2205 aegritudine
971 2105 1081 2179 simul
1107 2096 1209 2187 obiit.

181 2296 183 2303 ι
226 2255 297 2323 Has
320 2278 450 2341 quoque
473 2255 559 2319 vitas
573 2254 795 2345 subtilissime
818 2253 1042 2338 dijudicandas
1068 2255 1238 2322 emendam·
1291 2318 1295 2329 s

115 2368 249 2450 dasque
277 2363 430 2448 suscepit}
450 2363 641 2429 Franckius
658 2363 698 2450 ·(l.
721 2385 748 2428 c.
771 2363 977 2452 pas-27),
1011 2367 1103 2450 cujus
1130 2373 1238 2432 tamen
1328 2420 1332 2426 ,

77 2485 82 2492 ”
125 2474 257 2562 egregia
274 2497 373 2559 opera
389 2473 423 2538 in
440 2472 553 2538 haere
570 2463 728 2540 collocata
745 2471 856 2540 nescio
873 2495 914 2540 an
926 2473 970 2540 sit
984 2473 1154 2554 maximam
1165 2495 1238 2564 par·
1329 2467 1332 2487 “

110 2584 191 2650 'tem
212 2584 390 2671 deperdita.
432 2581 563 2671 Ingenii
590 2585 641 2654 sui
663 2584 810 2653 acumina
836 2599 875 2650 eo
902 2583 1061 2670 imprimis
1082 2584 1242 2668 intendit,x

122 2705 160 2761 nt
192 2695 444 2775 demonstraret,
478 2702 550 2760 utra
582 2695 746 2779 antiquior
773 2695 920 2762 habenda
952 2704 1048 2765 esset.
1096 2695 1170 2781 Qua
1201 2697 1235 2766 in

122 2829 158 2871 re
179 2805 386 2890 ,expedienda
412 2806 514 2871 vitam
535 2803 588 2870 VI
610 2829 649 2871 ex
678 2805 778 2871 altera
804 2806 970 2874 dilatatam
997 2830 1070 2875 esse
1092 2807 1156 2874 sibi
1177 2809 1235 2876 im·

123 2916 238 3001 primis
265 2917 307 2980 ob
331 2911 431 2980 ‘finem
454 2917 539 2983 vitae
562 2914 632 2982 VII
658 2917 775 2982 misere
808 2918 1019 3008 depravatum
1052 2919 1234 3002 persuasit,

125 3027 217 3110 cnjus
239 3035 381 3090 extrema
408 3027 508 3092 verba
530 3027 577 3111 sio
599 3026 796 3093 emendavit:
828 3027 883 3094 Eo
910 3047 969 3112 quo
991 3027 1155 3115 [effectam
1177 3039 1245 3106 cat,-

118 3134 178 3222 nr]
188 3148 286 3220 poeto
298 3137 404 3225 animo
418 3149 637 3204 consternatas
653 3151 682 3203 ct
700 3140 815 3211 mentis
832 3139 1035 3223 aspritudine
1052 3138 1233 3202 stimulatus
1250 3166 1253 3185 ι

123 3232 216 3312 obiit.
233 3245 323 3330 Quae
335 3269 431 3330 quum
443 3249 476 3312 in
488 3249 556 3314 vita
565 3246 615 3313 VI
624 3248 671 3315 sio
684 3270 720 3315 se
730 3249 883 3314 habeant:
896 3249 964 3330 Quo
976 3248 1087 3338 (Unde
1096 3270 1124 3313 c.
1134 3248 1231 3333 med.)

123 3357 271 3445 effectam
293 3369 353 3436 cat,
375 3371 411 3423 ut
432 3361 500 3444 ipsc
522 3361 630 3423 animo
654 3373 873 3439 consternatus
896 3381 932 3427 ea
953 3363 1067 3425 mentia
1089 3362 1232 3445 capuita*

123 3469 197 3533 dinc
219 3468 304 3534 diem
327 3453 570 3552 sermocinio,
598 3473 689 3556 ”quis
712 3479 763 3538 est
783 3474 897 3554 enim”,
923 3471 1043 3558 inquit,
1070 3471 1230 3555 ”quinon

122 3567 246 3661 videat,
267 3579 325 3644 illa
347 3581 380 3647 in
403 3579 483 3645 haec
505 3581 642 3648 transire
664 3582 814 3648 facillime
836 3582 997 3670 potuisse,
1019 3583 1099 3647 haec
1120 3579 1153 3642 in
1174 3577 1242 3640 illa-

122 3711 189 3757 non
211 3689 327 3776 item?”
348 3680 446 3774 Quod
468 3693 607 3776 quidem.
620 3696 686 3779 jam
707 3717 766 3779 per
793 3715 838 3774 se,
864 3691 1088 3760 emendatione
1109 3689 1231 3753 Franc-

121 3799 169 3865 kii
192 3797 327 3881 omissa,
360 3810 472 3885 aptum
499 3825 571 3868 esse
598 3803 640 3867 ad
668 3803 887 3888 suspicionem
913 3799 1103 3869 movendam
1132 3798 1230 3895 vitani

122 3907 173 3975 VI
195 3932 234 3973 ex
257 3906 497 3978 (imniironiana
518 3911 575 3980 illa
595 3912 743 3979 breviore
772 3911 916 3980 haustam
942 3933 1016 3977 esse
1043 3930 1136 3978 nemo
1163 3932 1228 3976 non

121 4021 285 4086 fatebitur.
328 4021 393 4089 Sed
415 4022 512 4110 longe
535 4005 637 4106 aliter,
659 4031 696 4088 ut
718 4023 842 4109 opinor,
865 4045 918 4087 res
941 4043 976 4088 se
998 4019 1137 4102 habebit,
1160 4021 1189 4088 si
1211 4044 1231 4082 a
1275 4099 1278 4112 Ι

122 4133 190 4196 vita
212 4130 278 4214 VI,
301 4132 406 4216 qualis
429 4134 462 4198 in
485 4132 556 4199 cod.
578 4126 818 4201 Mediolanensi
840 4140 959 4210 exstat,
982 4120 1076 4196 sicuti
1094 4154 1153 4217 par
1169 4140 1229 4210 est,

122 4224 322 4312 discesseris.
366 4240 416 4310 Ibi
436 4245 534 4328 'enim
568 4245 686 4338 legitur
719 4243 832 4312 eodem
865 4245 931 4312 fere
965 4243 1072 4329 modo¹
1099 4264 1168 4338 *qsro
1196 4180 1339 4394 inf
