2722 4658
1153 219 1190 281 ll

120 409 173 467 tae
193 401 370 468 Persianae
396 406 492 488 quani
525 401 661 466 maxime
688 400 751 466 huc
778 403 928 487 pertinet.
971 400 1029 471 sio
1055 404 1141 469 enim
1163 417 1239 470 ora·

120 512 242 578 tionem
264 515 335 599 ejus
358 513 592 578 conformatam
614 528 688 578 esse
707 503 821 578 omnes
844 507 1011 594 viderunt,
1033 521 1069 578 ut
1089 514 1234 579 luculen-

120 622 282 690 tissimum
313 620 468 709 praebeat
499 622 682 708 exemplum
709 622 798 689 vitae
815 622 858 689 -in
885 622 1017 690 brevius
1050 623 1236 690 contractae

58 791 60 799 ,
119 748 161 798 sn
188 733 251 798 alia
278 732 319 798 ab
352 732 483 797 humine
511 731 638 817 aequali
664 740 698 799 et
723 733 933 817 peritissimo,
960 730 1072 820 qualis
1092 733 1157 798 fnit*
1179 728 1235 800 ille

119 839 276 910 Valerius
306 841 449 923 Probus,
483 841 566 927 (vid.
589 841 688 908 Jahn.
711 843 794 928 prol.
821 865 856 929 p.
884 856 928 908 ct
956 843 1021 930 sq.)
1048 839 1239 930 plenissime

120 961 153 1018 st
174 961 325 1017 accurate
346 951 540 1038 conscripta.
583 951 716 1018 Etenim
744 952 773 1018 si
798 953 914 1019 merito
941 952 1083 1047 dubitari
1103 960 1237 1040 potest,

119 1081 198 1128 nuni
231 1083 309 1127 vcra
340 1061 491 1156 habenda
524 1062 569 1128 sit
600 1060 713 1148 opinio
747 1061 861 1130 Jahnii
887 1062 910 1128 l.
936 1086 965 1130 c.
992 1085 1025 1149 p.
1054 1078 1129 1147 0111,
1157 1087 1238 1130 non·

119 1152 210 1236 nulla
237 1172 267 1236 si
294 1172 418 1238 inserta
445 1192 534 1255 esse,
562 1164 644 1259 quae
671 1172 811 1260 singulis
838 1174 922 1238 locis
943 1175 978 1238 in
1005 1172 1237 1256 commentario

121 1279 198 1346 va.
220 1280 322 1348 Probi
349 1282 547 1370 legerentur,
573 1280 639 1346 hoc
664 1283 706 1348 de
731 1283 797 1349 fine
825 1284 939 1349 saltem
965 1282 1135 1351 verissime
1161 1305 1241 1350 con-

121 1393 263 1460 tenditur
283 1391 361 1458 inde
382 1393 550 1459 a-verhis:
578 1392 656 1460 ”sed
676 1416 753 1459 mox
774 1401 812 1458 ut
832 1410 852 1459 a
873 1389 988 1460 schola
1007 1395 1240 1483 magistrisque

120 1502 280 1586 divertit’,
307 1505 365 1589 qui
390 1502 486 1569 locus
512 1513 624 1588 aperte
651 1521 687 1569 se
713 1504 755 1567 ex
781 1500 915 1570 scholiis
942 1525 1045 1590 paene
1076 1493 1239 1594 integrum

119 1611 185 1678 huc
205 1613 401 1679 translatum
423 1626 499 1678 esse
518 1611 646 1698 prodat
695 1611 808 1698 Quum
832 1613 937 1699 igitur
954 1622 1090 1700 utraque
1111 1616 1180 1680 vita
1207 1624 1241 1682 et

121 1717 232 1789 Persii
253 1732 288 1787 et
308 1721 482 1790 iuvenalis
501 1722 682 1809 justissime
709 1724 798 1788 iuter
822 1743 859 1789 se
885 1724 931 1788 ita
958 1726 1140 1810 comparari
1162 1748 1241 1811 pos·

121 1833 213 1914 sint,⁵
225 1840 264 1896 ut
283 1841 316 1897 et
336 1830 422 1896 hanc
443 1835 477 1897 et
497 1832 586 1897 illam
608 1848 627 1896 a
649 1821 838 1898 scholiastls
855 1831 1075 1918 conscriptam
1091 1849 1164 1900 esse
1182 1847 1241 1920 pu·-

121 1952 242 2024 tomus‚
264 1950 332 2006 tum
355 1941 428 2007 aliis
451 1942 486 2006 iu
512 1941 611 2006 rebus
638 1941 734 2006 valde
760 1940 937 2009 dissimiles
964 1939 1131 2009 habendae
1155 1955 1243 2011 sunt.
1318 1961 1322 1972 “

120 2050 237 2119 Altera
256 2052 351 2118 “enirn
377 2052 552 2138 imaginem
579 2049 766 2137 compendii
791 2050 912 2137 ubique
940 2052 1112 2138 proponit,
1140 2053 1242 2120 altera

119 2163 204 2228 nino
225 2162 323 2227 uasat
344 2141 560 2249 v'estigiorun
583 2161 741 2226 armonia
765 2170 960 2228 canonos
993 2160 1154 2248 morum
1175 2182 1242 2230 non
1315 2223 1320 2231 ,

121 2289 290 2357 assequor,
316 2251 439 2355 quibus
464 2269 650 2334 rationibus
675 2270 792 2334 dusius
821 2265 861 2334 O.
889 2270 928 2335 P.
949 2270 1159 2340 Hermanuus
1186 2265 1242 2361 (de
1311 2263 1315 2276 '

122 2383 203 2448 duv-
226 2390 286 2447 sat.
309 2388 392 2464 sept.
414 2384 514 2466 temp·
541 2379 575 2442 in
608 2376 680 2442 Iud.
708 2377 787 2443 lect.
811 2377 966 2465 Gottingr
988 2382 1084 2466 1843)
1113 2362 1243 2448 dehac

123 2492 286 2557 affirmare
316 2489 462 2575 potuerit
484 2488 529 2574 (pr
554 2486 588 2575 1)
616 2491 697 2553 ”oros
723 2497 877 2574 excerpta
904 2498 1029 2555 tantun
1056 2491 1193 2579 legere,
1208 2487 1242 2556 in

124 2622 206 2688 quas
227 2598 445 2679 idemeadat,
473 2597 561 2683 quod
583 2598 618 2662 in
646 2596 744 2661 simili
771 2614 869 2665 causa
895 2599 1042 2667 videmus
1064 2587 1172 2668 Persii
1194 2605 1245 2668 si-

122 2723 190 2778 tam
212 2709 390 2798 profiteri*
432 2697 535 2772 Nullo
557 2706 659 2772 inodo
679 2707 766 2772 cuitu
788 2707 935 2794 ad‘hanp
956 2730 1024 2775 rem
1039 2702 1255 2797 probandam

123 2821 246 2888 sufficit
265 2819 420 2886 lectionis
440 2818 599 2899 varietas,
623 2818 723 2882 etiam
739 2818 779 2884 ‘si
805 2825 896 2884 tanta
923 2819 1035 2886 haberi
1061 2823 1184 2907 possit,
1207 2833 1244 2886 ut

123 2931 201 2996 inde
228 2931 384 3017 colligere
408 2928 506 2994 liceat
533 2931 755 2996 ”communem
780 2927 905 2993 iontem
931 2929 1013 2998 alios
1041 2931 1135 2996 aliter
1155 2945 1244 2996 cum-

117 3041 246 3126 pilasss
268 3039 401 3105 videri.'’
444 3038 532 3103 Nam
553 3040 692 3103 maxima
712 3041 784 3122 ejus
809 3055 886 3124 pars
913 3040 954 3104 ad
981 3040 1081 3106 verba
1102 3050 1246 3125 tantum,

125 3134 194 3216 nc‘n
216 3149 333 3216 adres
354 3158 495 3236 spectat,
518 3164 620 3232 quare
641 3148 811 3232 nihilest,
839 3149 928 3234 quod
949 3165 1019 3215 eam
1042 3149 1123 3216 tanti
1144 3152 1243 3219 facia·

123 3281 206 3326 mus.
236 3255 423 3325 'Praeterea
449 3277 546 3346 quam
579 3260 780 3347 negligenter
802 3259 1001 3343 exscribere,
1027 3255 1146 3328 temere
1173 3285 1245 3328 mu·

123 3380 192 3436 tare
215 3369 305 3436 soliti
327 3370 394 3435 siut
415 3389 482 3434 non
504 3377 631 3434 tantum
650 3369 790 3451 librarii,
812 3367 871 3434 sed
893 3372 989 3436 etiam
1016 3372 1082 3456 ipsi
1104 3367 1243 3439 scholia·
1327 3416 1329 3423 ι

122 3491 195 3546 stae
220 3481 403 3546 luculenter
432 3481 575 3546 ostendit
601 3483 744 3545 varietas
774 3479 927 3548 lectionis
954 3483 1041 3548 vitae
1067 3482 1244 3551 Persianae

126 3615 178 3676 ap.
200 3590 491 3659 sannanim.
513 3611 545 3676 p.
570 3591 632 3654 2313
655 3614 714 3676 sq„
741 3613 824 3674 quae
847 3592 993 3678 quamvis
1015 3593 1050 3656 in
1071 3593 1173 3658 altera
1194 3617 1245 3660 re·

125 3701 278 3766 censione
302 3700 452 3790 (Lipsiae
477 3701 572 3788 1851)
602 3700 699 3766 valde
724 3689 907 3784 imminuta,
934 3701 1145 3767 nihilominus
1174 3684 1244 3768 tan-

126 3821 195 3874 tum
216 3810 334 3894 reliqui
355 3811 450 3895 facit,
478 3820 636 3900 quantum
661 3801 789 3876 abunde
809 3812 933 3897 ,probet
959 3811 1152 3879 scholiastes
1174 3837 1244 3880 non

97 3931 191 3999 tam
224 3918 399 4008 diligentes
432 3921 550 4000 fuisse,
583 3942 680 4004 quam
712 3920 783 3985 vult
813 3920 1036 4000 Hermannus;
1070 3943 1108 3987 ae
1139 3926 1244 3991 multo

94 4093 97 4098 .
125 4032 232 4120 magis
265 4033 362 4097 etiam
395 4029 483 4096 aliud
516 4031 661 4117 ejusdem
694 4031 779 4096 vitae
811 4031 994 4114 exemplum
1025 4054 1043 4095 e
1076 4034 1149 4100 cod.
1181 4058 1242 4101 ms.

126 4141 205 4207 bibl.
219 4141 384 4207 Laurent.
407 4163 460 4227 ap.
481 4140 580 4207 Jahn.
598 4140 619 4204 l.
632 4163 659 4206 c.
677 4165 708 4228 p.
721 4139 784 4205 238
806 4159 855 4224 sq.
877 4140 911 4205 id
933 4142 1109 4208 convincit.
1143 4144 1245 4231 Quod
1296 4125 1315 4146 Ἤ

127 4259 233 4319 autem
261 4250 420 4318 Pithoeus
449 4245 531 4317 hauc
559 4252 658 4318 vitam
684 4253 718 4319 in
744 4251 807 4320 fine
835 4251 958 4318 codicis
986 4253 1036 4318 sui
1051 4258 1246 4324 ,recentiore
1274 4312 1311 4319 φ
