2722 4658
79 413 114 472 et
133 427 165 469 v.
191 402 373 468 loo-1542

231 517 321 580 Atque
338 515 440 563 utinam
456 511 498 561 his
515 511 601 574 potius
619 510 695 573 nugis
712 515 770 561 tota
786 510 835 559 illa
851 509 968 561 dedisset

224 609 364 673 ¹Tempora
381 606 521 666 saevitiae,
539 603 625 654 claras
643 604 735 669 quibus
753 602 863 653 abstulit
879 603 938 653 urbi
978 642 981 646 ,

230 703 401 765 Illustresque
421 699 520 763 animas
537 699 642 762 impune
660 705 687 746 et
703 697 806 748 vindice
823 697 908 747 nullo!

232 793 287 845 Sed
304 794 394 857 periit,
411 798 548 856 postquam
567 789 721 841 cerdonibus
739 805 794 839 esse
812 790 942 845 timendus

232 886 375 950 Coeperat:
392 884 442 936 boc
457 883 547 934 nocuit
563 883 714 933 Lamiarum
733 885 812 934 caede
830 885 954 935 madenti¹

81 993 237 1065 Ceterum
268 994 359 1060 nulla
389 1014 525 1079 usquam
557 991 603 1058 ibi
635 991 844 1058 inveniuntur
875 992 1011 1078 indicia,
1044 1015 1128 1078 quae
1154 995 1196 1065 ad

81 1116 207 1174 certum
233 1103 395 1191 quoddam
428 1112 555 1188 tempus
583 1101 698 1167 referri
724 1101 864 1186 possint.
907 1103 989 1170 Rem
1013 1103 1133 1191 ipsam,
1155 1104 1196 1173 de

80 1238 145 1306 qua
171 1214 385 1283 deliberantes
417 1213 544 1279 inducit
569 1220 667 1297 poeta
693 1210 902 1279 consiliarios
928 1213 1103 1302 principis,
1130 1223 1197 1283 tam

80 1327 202 1394 vividis
228 1324 394 1392 coloribus
426 1322 594 1410 depictos,
623 1325 691 1409 jam
718 1331 793 1389 ante
820 1321 941 1389 bellum
968 1323 1127 1391 Dacicum
1147 1325 1198 1413 (h.

81 1461 111 1505 e.
123 1460 151 1503 a.
163 1438 203 1502 86
214 1461 246 1525 p.
260 1430 354 1524 Chr.)
378 1443 482 1502 actam
504 1455 577 1500 esse
598 1432 718 1514 voluit,
740 1441 777 1498 ut
798 1456 838 1500 ex
855 1458 887 1499 v.
906 1434 966 1497 111
989 1435 1199 1525 intelligitur:

317 1551 353 1600 Et
371 1551 416 1613 qui
433 1546 579 1599 vulturibus
596 1547 718 1596 servabat
735 1548 837 1595 viscera
854 1545 936 1597 Dacis
1008 1593 1011 1610 ,

317 1641 426 1692 Fuscus.

81 1752 222 1838 Quando
245 1772 324 1816 vero
346 1749 452 1836 prima
473 1746 625 1813 carminis
647 1744 857 1814 fundamenta
879 1747 968 1833 jacta
994 1748 1076 1833 sint,
1098 1749 1139 1816 de
1160 1773 1200 1818 ea

81 1885 116 1931 re
138 1862 313 1949 quidquam
335 1859 416 1924 certi
437 1857 598 1923 affirmare
619 1857 707 1940 nolo,
731 1856 805 1941 sed,
828 1866 864 1922 ut
885 1857 995 1924 verbis
1016 1856 1201 1927 Heinrichii

81 1973 116 2037 in
132 1992 246 2037 summ.
257 1979 339 2054 utar,
351 1973 532 2036 ”recentem
549 1967 720 2055 scriptoris
738 1968 892 2034 affectum
904 1989 943 2034 ex
954 1970 1203 2056 praeteritarum

80 2103 188 2150 rerum
208 2081 385 2168 memoria?
411 2102 472 2167 pro
501 2077 624 2143 indicio
657 2077 799 2163 quodam
830 2079 929 2144 modo
961 2078 1074 2145 haberi
1099 2102 1200 2166 posse

80 2193 179 2260 credo
206 2215 245 2257 ea
270 2192 411 2257 fortasse
444 2188 527 2273 ipsis
560 2186 743 2253 Domitiani
776 2188 976 2274 temporibus
994 2187 1059 2256 ‘vel
1085 2189 1200 2256 saltem

81 2302 180 2382 paulo
201 2307 280 2383 post
301 2298 425 2362 obitum
447 2299 517 2380 ejus
540 2293 673 2357 condita
694 2316 777 2359 esse.
820 2296 919 2379 Quod
940 2321 960 2362 a
979 2321 1031 2364 me
1059 2301 1107 2364 sic
1133 2299 1201 2366 dici

82 2407 219 2494 nequis
246 2405 391 2487 miretur,
425 2403 643 2490 suspicionem
676 2401 892 2491 redintegrati
921 2407 1029 2492 operis
1056 2409 1091 2473 in
1118 2408 1203 2476 hanc

82 2540 212 2604 qnoque
240 2516 372 2581 satiram
400 2523 476 2599 apte
503 2515 677 2582 convenire
701 2513 814 2600 judico
843 2513 885 2580 ob
912 2516 1109 2603 principium
1130 2521 1200 2606 ejns

82 2649 103 2692 a
123 2651 155 2693 v.
179 2626 299 2709 1-36,
322 2626 410 2709 quod
432 2646 505 2689 cum
526 2622 653 2708 reliquo
673 2622 813 2689 carmine
831 2625 912 2691 adeo
930 2649 997 2692 non
1013 2629 1202 2716 conspirare

85 2744 256 2823 appareat,
278 2743 315 2801 ut
336 2756 472 2820 prorsus
496 2733 647 2816 aliarum,
669 2754 707 2799 ac
729 2756 811 2821 qnae
832 2733 866 2800 id
889 2737 1071 2823 excipiunt,
1093 2761 1201 2807 rerum

77 2847 322 2932 ’expositionem
349 2865 543 2931 praeparare
570 2844 719 2910 videatur
731 2844 768 2931 ¹).
812 2843 930 2912 Statim
957 2847 991 2911 in
1020 2848 1200 2932 primordio

84 2980 152 3023 non
173 2955 295 3021 habent
315 2955 396 3022 haec
417 2953 533 3020 verbar
596 2952 600 2962 “

236 3069 306 3119 Ecce
322 3070 417 3118 iterum
435 3066 585 3131 Crispinus,
602 3074 629 3117 et
646 3072 686 3116 est
702 3066 766 3117 mihi
784 3082 860 3133 saepe
878 3069 1011 3120 vocandus

236 3163 282 3212 Ad
299 3168 400 3226 partes,

87 3266 290 3280 ———=—=—=

186 3344 209 3404 1)
227 3339 308 3392 Recte
326 3339 376 3391 Gu.
395 3339 426 3389 E.
445 3338 600 3389 Weberus
615 3340 634 3388 l.
652 3353 674 3388 c.
691 3355 717 3403 p.
740 3339 803 3388 3312
830 3337 888 3389 ”ihr
912 3338 1034 3408 Eingang
1058 3345 1201 3408 verspricht

86 3436 207 3488 offenbar
224 3442 307 3485 etwas
328 3433 446 3498 Andros,
473 3433 512 3482 als
535 3431 581 3483 der
603 3433 760 3498 cigentliche
779 3432 868 3482 Inhalt
885 3450 935 3484 von
951 3449 976 3484 v.
994 3435 1027 3484 37
1045 3450 1079 3486 an
1096 3437 1202 3501 besagt,

85 3530 140 3580 und
158 3531 195 3580 sie
216 3528 270 3590 (die
288 3526 340 3576 4:te
359 3524 425 3589 Sat.)
443 3523 545 3575 zerfilit
561 3525 670 3590 foiglich
686 3527 714 3575 in
725 3527 791 3577 zwei
805 3542 854 3575 nur
865 3525 973 3592 zuiillig
990 3529 1201 3582 zusammenhan·

87 3621 170 3687 gendo
187 3621 324 3690 ungleiche
342 3617 460 3669 Tbeile.''
494 3618 571 3670 Hanc
589 3621 785 3684 dispositionem
803 3625 858 3670 arte
877 3626 1006 3672 carentem
1028 3635 1077 3672 nec
1094 3623 1128 3672 ad
1146 3637 1201 3674 cer·

88 3724 144 3766 tam
170 3716 302 3779 quandam
327 3715 456 3764 rationem
483 3713 596 3762 dilucide
615 3723 641 3763 et
660 3718 810 3762 constanter
834 3715 1000 3774 instructam,
1027 3728 1104 3779 quam
1126 3717 1203 3767 multi

87 3809 205 3875 pluribus
221 3809 287 3860 locis
304 3808 354 3859 sibi
372 3807 441 3872 apud
458 3806 612 3857 Juvenalem
633 3805 825 3870 deprehendere
847 3809 897 3858 visi
917 3814 978 3857 sunt
1000 3808 1123 3874 cujusque
1141 3825 1201 3861 cau·

87 3918 144 3952 sam
162 3901 281 3967 equidem
297 3903 325 3952 in
343 3899 499 3953 carminibus
515 3915 593 3965 saepe
609 3901 800 3964 pertractandis
817 3908 843 3951 et
854 3901 964 3966 singulis
977 3900 1095 3967 partibus
1111 3917 1200 3954 eorum

88 3997 193 4047 diverso
210 4000 324 4059 tempore
343 3994 497 4058 conscriptis
513 3994 583 4043 inter
599 4007 626 4042 se
644 3994 830 4057 permiscendis
851 3992 996 4058 ponendam
1018 4009 1075 4046 esse
1099 4011 1201 4057 censeo,

89 4090 117 4138 in
135 4094 230 4153 quarta
246 4093 358 4138 etsexta
370 4087 453 4136 satira
467 4085 605 4136 defendere
623 4093 731 4137 conatus
748 4095 788 4137 est
803 4086 830 4138 N
835 4086 1081 4152 aegelsbachins
1098 4091 1125 4139 in
1138 4087 1200 4139 Pbi·

89 4179 134 4230 lol.
142 4180 174 4230 T.
189 4180 233 4231 111
241 4195 267 4244 p.
275 4178 326 4230 469
340 4194 378 4246 sq.
387 4181 486 4230 Versus
502 4179 543 4230 1v
559 4185 608 4230 sat.
626 4180 709 4231 1-36
726 4179 999 4246 tamquam‘duvenale
1012 4196 1116 4249 prorsus
1133 4180 1200 4231 indi·

89 4289 155 4337 gnos
164 4276 250 4327 excidi
261 4274 386 4339 rejicique
395 4275 450 4325 vult
458 4271 615 4341 Ribbcclms,
623 4275 677 4325 vid.
685 4272 719 4322 D.
733 4274 808 4326 echte
820 4290 846 4322 u.
858 4274 884 4323 d.
895 4274 1004 4325 anechte
1013 4272 1076 4323 Jur.
1084 4273 1284 4384 psstsssof—
