2722 4658
214 183 259 249 68

176 389 240 455 quo
261 365 431 433 commode
453 367 644 433 referantur.
688 366 813 432 Verum
836 377 873 432 ut
893 388 965 434 voc.
986 371 1107 434 iterum
1127 367 1173 434 ad
1187 366 1214 433 ·I
1237 380 1300 438 sat

175 502 208 546 v.
230 477 356 541 26-29
383 477 490 543 redire
511 486 678 563 putemus,
705 499 769 564 quo
801 476 877 545 ioco
905 500 971 544 non
1000 479 1107 546 miuus
1128 499 1238 563 -quam
1264 481 1300 547 in

176 588 273 675 hujus
295 596 399 654 sata.
412 587 473 653 108
496 580 673 672 Crispinus
695 587 730 653 in
751 595 943 655 transcursu
965 597 1090 656 tantum
1112 589 1300 678 attingitur,

175 720 246 765 eam
267 699 397 786 quidem
413 719 480 763 rem
497 697 532 762 in
547 698 806 763 controversiam
823 698 934 763 venire
953 721 1019 765 non
1035 720 1136 785 posse
1152 700 1299 785 confido,

176 817 281 875 utrum
305 802 481 892 Crispinus
505 806 640 870 ”iterum
661 805 703 872 ad
731 815 840 892 partas
868 812 1024 873 vocatus’'
1051 820 1156 896 g'aneo
1176 809 1237 874 ille
1260 811 1299 878 li-

171 918 345 1001 ‚bidinosus
368 925 401 983 ct
421 914 591 1001 profusus,
613 914 670 999 qui
701 914 810 982 statim
826 924 903 1002 post
924 916 1099 1000 inducitur,
1124 918 1299 988 habendus

174 1028 234 1116 sit,
260 1052 302 1095 an
329 1027 427 1093 homo
459 1023 568 1091 mollis
596 1034 629 1092 et
656 1023 828 1108 delicatus,
851 1026 907 1112 qui
930 1026 1032 1094 altero
1055 1029 1152 1118 hujus
1176 1032 1298 1098 satirae

169 1113 249 1208 'loeo
267 1145 545 1204 commemoratur.
568 1135 656 1202 Nam
667 1158 708 1201 uc
720 1135 826 1222 prima
837 1135 894 1202 illa
910 1136 1010 1203 verba
1025 1135 1067 1203 ad
1078 1141 1299 1226 posteriorem

171 1251 258 1318 hanc
279 1268 467 1335 personam,
489 1269 587 1334 quam
610 1239 796 1333 Crispinus,
820 1247 916 1333 quasi
937 1247 1064 1314 duabus
1085 1251 1298 1336 personisin

170 1354 236 1425 hae
254 1359 354 1427 satira
368 1357 513 1439 indutus,
530 1379 562 1420 v.
576 1353 637 1419 108
650 1356 806 1439 sustinet,
822 1343 1004 1423 referantur
1025 1358 1101 1446 ipsa
1115 1360 1216 1446 hujus
1232 1360 1297 1428 loci

174 1470 319 1537 brevitas
340 1467 504 1556 prohibet.
539 1465 692 1553 Sequitur
709 1464 820 1554 igitur,
836 1474 873 1532 ut
895 1479 994 1552 pocta
1011 1467 1074 1534 hoc
1093 1469 1298 1558 principium

175 1580 322 1650 scribens
339 1577 404 1645 alio
423 1578 541 1644 ductus
558 1577 657 1645 fuerit
673 1578 824 1660 consilio,
840 1577 928 1643 aliud
946 1579 979 1643 in
996 1579 1070 1664 ipsa
1085 1580 1189 1646 satira
1211 1602 1299 1648 com·

173 1689 327 1779 ponenda
347 1699 480 1756 secutus
503 1688 560 1769 sit,
583 1710 664 1775 quae
687 1696 758 1753 tota
778 1686 821 1753 ad
843 1687 1040 1776 principem,
1067 1711 1134 1756 non
1156 1689 1201 1757 ad
1223 1685 1299 1759 Cri·

175 1803 306 1888 spinum
339 1807 474 1885 spectet.
517 1797 594 1862 Huc
627 1798 768 1876 accedit,
801 1807 838 1862 ut
870 1800 904 1864 in
938 1799 1165 1884 sequentibus·
1182 1801 1297 1869 satiris

157 1909 279 1992 ¹nulla
297 1929 435 1995 usquam
466 1907 588 1973 mentio
621 1906 679 1971 fiat
707 1901 867 1992 Crispini.
910 1908 1009 1993 erod
1037 1931 1137 1994 quum
1164 1911 1212 1977 iu
1239 1912 1299 1996 sit,

170 2017 255 2095 ‚mihi
276 2025 328 2084 est
348 2038 540 2105 persuasum
561 2016 624 2082 hoc
645 2015 775 2083 initium
796 2026 902 2101 antea,
925 2041 1021 2105 quam
1042 2027 1184 2087 ceteram
1206 2022 1296 2089 eelo-

171 2114 260 2217 μω,
283 2128 505 2214 conscriptum
528 2149 601 2194 esse
624 2138 657 2194 et
679 2128 724 2210 ei,
746 2152 845 2216 quum
861 2130 974 2195 raficta
990 2129 1206 2218 absolutaque
1227 2141 1299 2213 est,

171 2260 368 2307 connexum.
411 2237 510 2323 Quod
532 2260 599 2303 non
624 2239 727 2304 multo
754 2231 833 2325 post
859 2248 996 2305 mortem
1023 2240 1209 2307 Domitiani
1229 2242 1300 2308 fac·

176 2360 244 2417 tum
269 2371 344 2416 esse
371 2349 449 2414 dixi.
505 2346 563 2413 Sic
595 2358 727 2435 quartae
760 2370 890 2434 quoque
923 2349 1039 2416 satirae
1072 2351 1298 2419 testimonium

173 2461 368 2527 senteutiam
388 2483 493 2527 meam
514 2459 598 2525 tueri
619 2469 724 2545 patet,
745 2460 956 2543 Juvenalem,
979 2483 1061 2549 quae
1083 2483 1124 2527 ex
1146 2465 1298 2550 superio·

175 2570 265 2636 ribus
282 2570 482 2654 temporibus
494 2569 528 2633 iu
539 2569 723 2653 posteriora
734 2571 918 2656 perscripta
928 2571 1109 2659 retulisset,
1122 2595 1160 2638 ea
1177 2596 1298 2641 munus

175 2679 347 2744 satirarum
383 2676 581 2742 edendarum
614 2677 778 2743 obiturum
810 2679 918 2746 denuo
951 2690 1171 2767 pertractasse
1198 2694 1298 2771 atque

174 2786 330 2853 nonnulla
352 2785 449 2852 etiam
470 2787 555 2852 iuter
577 2809 612 2852 se
634 2786 813 2854 intexuisse
835 2797 932 2875 atque
953 2791 987 2856 in
1004 2815 1102 2858 anum
1119 2794 1295 2861 conflasse.

174 2898 266 2966 Idem
288 2896 389 2965 multo
412 2897 509 2963 etiam
534 2898 638 2984 magis
665 2898 701 2962 in
727 2899 901 2984 quintam
929 2901 1060 2974 satiram
1089 2902 1206 2970 cadere
1227 2928 1295 2971 ma·

174 3009 328 3074 nifastum
350 3017 414 3086 est,
437 3029 535 3092 quae,
557 3029 751 3093 quamquam
773 3010 872 3076 certis
894 3012 1109 3098 argumentis,
1137 3016 1192 3080 cui
1214 3024 1294 3082 tem·

175 3119 250 3203 pori
271 3117 430 3204 originem
458 3140 550 3183 suam
582 3127 748 3204 acceptam
773 3121 907 3202 reierat,
940 3122 1072 3206 probari
1100 3126 1228 3209 nequit,
1259 3151 1294 3195 sc

175 3236 282 3292 tamen
309 3227 409 3290 multa
439 3228 610 3294 iteratione
638 3228 818 3294 confectam
841 3252 913 3296 esse
934 3232 1083 3317 pluribus
1115 3233 1200 3300 locis
1228 3236 1293 3302 cla·

174 3336 304 3405 rissim'e
335 3335 462 3420 prodat.
524 3337 642 3422 Neque
675 3339 761 3404 enim
795 3361 987 3427 quemquam
1019 3343 1131 3432 fugere
1164 3357 1294 3432 potest,

174 3456 375 3535 quantopere
396 3445 431 3510 in
453 3449 633 3531 posteriore
655 3452 725 3536 ejus
741 3459 834 3536 parte
851 3449 926 3518 inde
944 3475 1010 3518 aar.
1024 3452 1084 3518 107
1101 3465 1177 3541 apta
1194 3481 1293 3545 quae·

174 3559 249 3625 dam
280 3567 314 3624 et
345 3557 504 3623 concinna
535 3583 642 3626 rerum
682 3561 903 3647 expositarum
937 3564 1037 3630 series
1076 3566 1292 3634 desideretur.

174 3665 318 3753 Primum
340 3691 371 3730 v.
387 3666 551 3732 tot-113
571 3670 718 3757 languidi
741 3679 817 3738 sunt
838 3681 872 3738 et
893 3693 1013 3740 coenae
1035 3673 1290 3762 descriptionem

172 3775 425 3864 interrumpunt3
458 3775 574 3843 deinde
606 3779 684 3865 quid
717 3780 781 3847 sibi
812 3782 915 3848 velint
941 3806 973 3850 v.
1004 3784 1170 3850 tao-145
1203 3789 1292 3854 inter

174 3888 404 3953 ”structorem’'
425 3894 459 3952 et
480 3884 637 3976 ”fungos'’
662 3888 758 3957 valdo
784 3890 918 3960 difficile
945 3900 997 3960 est
1021 3894 1205 3975 intellectu3
1229 3920 1290 3982 po·

175 4002 295 4062 stremo
317 4021 348 4064 v.
372 3998 538 4062 161-169
565 4022 632 4065 non
664 4001 762 4068 modo
790 4002 861 4069 sine
888 4004 957 4070 ullo
983 4004 1213 4076 cohaerentiae
1232 4010 1292 4076 de·

175 4104 327 4171 trimeuto
359 4106 417 4173 sed
448 4109 545 4174 etiam
576 4110 679 4177 multo
712 4110 821 4199 aptius
849 4114 963 4182 abesse
989 4137 1090 4203 possa
1117 4119 1192 4206 quis
1219 4142 1288 4186 non

89 4213 284 4376 At?
326 4215 483 4302 imprimis
521 4218 619 4288 otiosi
656 4230 690 4288 et
721 4245 741 4287 a
776 4221 863 4308 loco,
899 4224 955 4292 ubi
994 4247 1082 4294 nunc
1122 4228 1286 4315 leguntur,
