2722 4658
1155 207 1203 278 ‚33

130 400 254 465 occulit
288 395 469 482 scripserit,
503 408 601 476 quum
635 393 679 458 sit
699 383 828 459 Decimi
858 415 977 460 nomen
1003 393 1068 459 fide
1095 393 1244 461 codicum

131 510 211 601 satis
234 507 403 573 firmatum.
446 505 524 571 Jam
546 526 623 570 vero
647 504 805 570 incertum
827 525 899 570 esse
920 502 1060 591 legerat,
1079 521 1160 571 'num
1184 505 1245 572 Ju-

130 621 256 686 venalis
278 617 419 684 libertini
442 613 615 699 locupletis
637 614 724 680 filius
747 637 789 679 an
816 614 964 680 alumnus
991 615 1124 698 fuisset,
1151 619 1244 703 cnjus

127 733 176 797 rei
198 704 351 795 me'moria
373 724 527 812 quaedam
548 746 634 810 vaga
650 746 723 789 eum
745 723 786 788 ad
808 724 1013 789 scribendum
1031 723 1175 810 impulit:
1192 746 1244 790 or·

129 843 218 907 diois
238 852 275 906 ut
288 841 403 926 fertur
424 836 666 916 libertinorum,
688 842 849 919 tamqnam
866 834 896 900 si
912 835 1072 921 ingenuus
1089 835 1161 921 ipse
1177 858 1244 903 non

128 952 247 1018 fuisset
280 947 427 1032 quamvis
460 946 613 1011 libertino
646 952 738 1028 patre
770 952 875 1009 natus.
923 945 976 1009 Ac
1004 965 1102 1028 quum
1136 945 1243 1012 animo

126 1063 197 1148 ejus
221 1081 335 1146 parum
357 1057 502 1139 definite,
528 1055 617 1142 quod
645 1055 689 1119 de‘
712 1053 912 1119 declamandi
940 1055 1048 1123 studio
1071 1054 1245 1122 iuvenalis

126 1178 341 1257 cognoverat,
365 1169 603 1248 obversaretur,
626 1169 694 1250 ejus
717 1165 765 1229 rei
782 1164 978 1229 mentionem
992 1166 1182 1232 testimonio
1204 1188 1246 1232 ex

127 1281 234 1366 prima
266 1279 376 1369 satira,
409 1277 466 1342 ubi
498 1285 596 1362 poeta
625 1277 696 1360 ipse
726 1297 761 1340 se
793 1273 1082 1342 declamationibus
1110 1299 1244 1363 operam
1283 1263 1285 1268 ¹

129 1387 259 1458 dedisse
282 1389 457 1477 signifieat,
485 1387 595 1472 petito„
616 1384 744 1451 firmare
772 1387 992 1453 necessarium
1017 1387 1119 1453 duxit
1162 1388 1244 1474 Qni-
1324 1428 1328 1437 ·

75 1586 77 1591 Ι
130 1503 190 1568 bus
221 1499 316 1566 rebus
341 1507 458 1564 ‘autem
491 1505 672 1566 commotus
707 1496 752 1562 sit
781 1497 888 1576 idem,
920 1503 958 1559 ut
983 1492 1176 1563 iuvenalem
1208 1500 1244 1565 in
1324 1567 1325 1572 ,

127 1611 260 1676 exilium
282 1608 452 1676 ”extremis
479 1606 663 1672 Domitiani
688 1606 909 1691 temporibus’'
937 1606 1071 1671 missum
1098 1629 1170 1673 esse
1192 1629 1244 1673 as·

126 1731 306 1802 severaret,
345 1719 453 1814 mipus
490 1715 609 1802 liquet,
641 1736 701 1781 nee
738 1717 903 1801 cuiquam,
941 1718 1056 1797 oredo,
1093 1725 1131 1780 ut
1166 1717 1244 1788 talis

124 1854 177 1897 res
210 1830 342 1915 penitus
377 1826 564 1913 'exploretur
595 1826 859 1912 expediaturque,
893 1827 1071 1912 continget.
1125 1826 1244 1893 Dicam

125 1951 233 2029 temen
267 1937 344 2022 quid
377 1938 522 2004 sentiam.
588 1931 729 2002 Videtur
767 1937 852 2003 enim
889 1936 952 2004 iste
990 1937 1025 2002 in
1057 1937 1132 2002 ‘vita
1165 1937 1244 2004 scri·

124 2051 229 2116 benda
250 2048 678 2152 ipsas‘Juvenalis'satiras
706 2046 927 2131 consuluisse,
955 2048 1040 2114 unde
1067 2047 1153 2113 haud
1181 2047 1244 2114 dif-

123 2161 208 2226 ficile
230 2161 293 2225 fuit
314 2159 468 2246 colligere
493 2167 640 2244 poetam,
668 2156 725 2240 qui
751 2165 899 2222 naturam
925 2180 1097 2244 moresque
1125 2159 1242 2225 aetatis

122 2253 404 2351 Domitianistam
437 2266 557 2331 vividis
592 2266 757 2330 coloribus
790 2266 938 2350 plurimis
966 2268 1048 2333 loeis
1077 2267 1243 2353 depinxis-

124 2388 192 2459 set,
214 2379 295 2442 satis
318 2378 372 2442 diu
396 2375 462 2441 illis
485 2373 686 2458 temporibus
708 2360 831 2438 Romae
852 2364 984 2440 vixisse.
1026 2376 1152 2442 Eodem
1173 2400 1243 2444 mo·

125 2488 168 2552 do
191 2485 384 2555 iuvenalem
410 2494 490 2570 vpost
518 2492 653 2575 mortem
670 2483 856 2573 ¹Domitiani
887 2483 1029 2550 carmina
1055 2485 1242 2553 condidisse

123 2597 294 2681 intellexit.
337 2595 465 2679 Quibus
492 2593 589 2658 rebus
618 2578 832 2659 consideratis
865 2595 910 2676 is,
939 2594 995 2678 qui
1017 2594 1241 2665 Domitianum

122 2709 211 2773 exilii
228 2716 394 2772 auctorem
411 2705 577 2771 exstitisse
595 2702 659 2768 sibi
675 2704 910 2789 persuasisset,
927 2704 1044 2771 ineam
1062 2705 1241 2791 opinionen
1260 2685 1267 2698 ι

98 2819 272 2900 'ipductus
296 2827 367 2898 est,
400 2815 596 2880 utexilium
622 2813 657 2877 in
685 2799 827 2878 extrema
859 2814 959 2881 illius¹
981 2823 1127 2903 tempora
1159 2820 1241 2884 inci·

123 2911 210 2993 disse
233 2928 403 3012 ipsumque
431 2933 561 3011 poetam
584 2931 617 2988 et
638 2924 672 2987 in
695 2923 803 3006 exilio,
827 2924 924 2994 sicuti
945 2925 1120 3013 plerosque
1141 2924 1241 2994 verba

104 3037 178 3130 ‘illa
201 3037 418 3132 antiquissimi
440 3034 559 3100 fontisr
580 3036 630 3098 ito
650 3069 692 3082 -
713 3072 755 3083 -
772 3036 878 3120 periit
901 3037 1066 3121 accepisse
1088 3037 1247 3122 diximus,

98 3214 100 3218 f
123 3154 284 3247 mortuum
303 3168 374 3211 esse
393 3144 490 3210 stibi
511 3145 646 3211 ”satiras
669 3144 842 3229 ampliasse
860 3154 893 3211 et
909 3145 1062 3231 pleraque
1079 3151 1240 3215 mutasse”

121 3256 275 3321 crederet.
313 3257 423 3341 Atque
440 3255 519 3321 haec
535 3256 607 3340 ipsa
618 3277 690 3334 res,
709 3253 797 3337 quod
820 3255 1012 3322 iuvenalem
1034 3259 1161 3322 exulem
1185 3259 1240 3325 de·

120 3366 261 3432 cessisse
295 3366 423 3445 statuit,
456 3386 529 3429 eum
556 3366 656 3430 vitam
677 3363 713 3428 Π
735 3387 801 3429 non
829 3373 974 3429 secutum
1001 3388 1073 3432 esse
1101 3368 1238 3453 probat,
1272 3349 1274 3354 ’

119 3498 160 3539 ex
182 3497 246 3559 qua
266 3473 367 3538 illud:
396 3474 564 3539 ”extremis
586 3475 629 3540 D.
651 3474 854 3568 temporibus
881 3475 1000 3541 missus
1029 3476 1062 3539 in
1090 3477 1239 3541 exilinm”

120 3585 214 3651 facile
242 3583 366 3649 hauriri
393 3585 509 3670 potuit.
560 3584 625 3652 Sed
654 3585 740 3649 enim
767 3583 847 3648 haec
875 3606 1003 3668 quoque
1025 3585 1141 3651 verber
1173 3585 1239 3651 ”in-

120 3693 310 3779 vehiturque
333 3695 367 3758 in
389 3693 514 3759 cineres
536 3680 735 3758 Domitiani'’
757 3715 830 3758 eum
852 3695 961 3759 satiris
983 3694 1156 3760 luvenalis
1180 3696 1238 3761 du-

119 3805 213 3870 cibus
239 3825 333 3870 usum
365 3823 446 3868 esse
464 3811 574 3890 aperte
600 3803 754 3868 indicent.
797 3803 925 3869 Deinde
953 3804 982 3868 si
1009 3801 1164 3870 memoria
1192 3815 1239 3874 te·
1299 3834 1303 3848 ¹

117 3915 218 3981 nebat
239 3934 274 3978 se
296 3911 417 4000 aliquid
432 3912 474 3978 de
489 3912 594 3979 media
610 3912 782 3979 luvenalis
799 3920 903 3978 aetate
924 3914 1080 3997 seriptum
1102 3914 1237 4003 legisse,

117 4025 193 4091 fieri·
212 4023 336 4110 potuit,
358 4031 395 4088 ut
415 4023 499 4096 hanc
522 4031 658 4089 aetatem
681 4044 754 4087 cum
776 4023 874 4088 exilio
897 4026 1112 4110 conjungeret
1140 4011 1237 4113 etque

117 4143 255 4201 mortem
279 4135 365 4220 ejus,
387 4153 483 4218 quem
506 4133 622 4221 ”longo
641 4132 732 4199 senio
749 4135 935 4199 confectum
957 4134 1158 4202 decessisse’'
1181 4144 1238 4204 no‘-

118 4245 236 4326 visset,
268 4265 373 4326 usque
405 4243 447 4322 ad
478 4250 626 4330 tempora
653 4238 820 4311 Antonini
835 4243 887 4338 l³ii
910 4243 1110 4327 detruderet,
1144 4251 1235 4334 cujus

220 4372 261 4437 (c.
280 4373 352 4440 s-g
369 4373 403 4424 v.
423 4371 509 4434 rese)
838 4341 841 4344 ’
1129 4372 1151 4415 s
1175 4424 1179 4439 ζ

192 4457 197 4468 Ι
