2722 4658
1141 161 1182 224 25

169 386 171 391 <
219 342 277 430 Ut,
300 348 379 434 quid
401 349 452 413 his
475 348 552 413 vitis
575 348 622 411 ita
639 347 853 415 consideratis
875 349 1006 434 assequi
1027 347 1133 430 liceat,
1155 349 1226 414 bre·

119 461 201 525 viter
224 481 309 524 nunc
331 457 537 544 complectar,
562 458 701 542 primum
729 457 896 524 observari
923 458 1019 524 debet
1046 480 1156 524 omues
1184 458 1224 523 ad
1307 443 1309 448 ³

96 576 105 658 ‘y
118 592 215 634 unum
237 569 435 651 eundemque
457 568 579 631 fontem
602 565 681 641 satis
703 576 866 632 vetustum
887 568 992 633 redire
1009 567 1226 650 videri,dein·

117 680 158 745 de
183 679 270 743 hunc
302 679 425 743 fontem
456 675 577 761 duplici
610 676 748 758 quadam
780 677 898 765 specie,
933 678 1032 742 altera
1065 679 1159 763 plena
1193 688 1225 745 et

119 789 276 869 uberiore,
299 787 400 851 altera
426 785 518 851 valde
545 794 668 850 mutata
695 797 727 851 et
754 796 934 871 contracta,
956 789 1090 874 agnosci
1110 810 1225 873 posse,
1304 822 1306 829 ι

119 911 283 984 postremo
307 907 432 983 praeter
454 918 508 963 eas
525 917 592 973 res,
610 918 690 982 quae
707 897 753 960 ibi
768 899 939 963 memoriae
956 896 1102 983 proditae
1124 899 1226 964 fuisse

118 1032 158 1073 ex
186 1011 338 1088 vitarum,
365 1029 444 1091 quas
472 1029 572 1092 supra
600 1007 809 1092 protulimus,
841 1008 1081 1095 comparatione
1108 1007 1227 1072 intelli-⁴

118 1129 249 1207 guntur,
281 1141 382 1211 pauca
412 1129 537 1183 tantum
564 1131 596 1184 et
623 1119 760 1204 abrupta
789 1118 829 1183 de
856 1119 993 1205 singulis
1020 1120 1106 1183 vitae
1127 1119 1228 1184 Juve-

121 1230 205 1316 nalis
226 1226 403 1295 rationibus
432 1253 507 1294 vere
534 1229 654 1293 tradita
680 1251 762 1296 esse.
805 1228 1012 1294 Fidissimam
1040 1228 1133 1315 hujus
1156 1231 1228 1294 fon·

121 1341 165 1404 tis
191 1340 361 1426 imaginem
393 1349 636 1424 repraesentare
669 1349 747 1423 puto
782 1321 882 1404 vitam
903 1336 920 1400 l
943 1324 1102 1423 exceptis*
1120 1340 1228 1406 verbis

121 1448 201 1532 illi's,
234 1472 314 1535 quae
346 1449 421 1514 inde
455 1449 630 1535 rejicienda
663 1471 735 1514 esse
768 1448 907 1514 ostendi.
955 1446 1127 1514 Praeterea
1149 1439 1230 1515 nihil
1269 1493 1271 1502 J

120 1559 231 1640 habet,
253 1559 348 1643 quod
363 1569 486 1622 mutare
510 1581 591 1643 opus
616 1559 659 1622 sit
681 1557 732 1622 vel
754 1580 773 1620 a
795 1546 1075 1622 verisimilitudine
1098 1560 1229 1624 omnino

120 1669 299 1736 abhorreat.
349 1667 398 1732 Ut
429 1666 543 1731 melius
577 1666 655 1754 quid
683 1667 820 1732 sentiam
846 1667 1071 1752 perspiciatur,
1095 1669 1231 1733 forsitan

119 1779 216 1843 finem
239 1779 325 1841 ritae
348 1777 498 1842 exhibere
521 1800 654 1844 necesso
676 1778 734 1858 sit,
757 1776 885 1861 qualem
907 1799 980 1849 eum
996 1777 1232 1844 restituendum

120 1909 193 1951 esse
215 1898 379 1966 censeam3
402 1888 449 1953 sic
471 1888 561 1976 legas
578 1889 696 1967 ‚velimz

143 1979 144 1983 Ἰ
272 2033 311 2045 -
333 2036 374 2066 -,
398 1996 499 2063 Venit
525 2021 602 2086 ergo
630 1998 802 2064 luvenalis
830 1999 863 2062 in
892 1999 1110 2083 suspicionem
1138 2000 1232 2085 quasi
1291 2038 1293 2050 ι
1327 2015 1331 2022 ’

124 2131 129 2135 ·
204 2117 350 2192 tempora
371 2108 475 2194 figura
496 2117 658 2189 notasset,
687 2131 724 2194 ac
752 2109 861 2173 statim
888 2132 946 2194 per
972 2109 1130 2174 honorem
1150 2109 1233 2172 mili·

205 2219 268 2282 tiae
281 2218 359 2282 urbe
372 2228 549 2282 summotus
563 2228 614 2282 est
623 2219 808 2299 missusque
820 2217 862 2281 ad
872 2219 1107 2302 praefecturam
1119 2218 1234 2284 cohor-

205 2328 247 2392 tis
275 2327 309 2389 in
336 2337 478 2390 extrema
500 2327 647 2411 Aegypti
673 2333 765 2410 parte
779 2327 804 2411 ¹)
833 2326 1005 2392 tendentis.
1048 2326 1089 2390 Id
1112 2326 1234 2412 suppli-

206 2435 248 2497 cii
270 2457 373 2521 genus
406 2434 543 2518 placuit,
572 2443 608 2499 ut
633 2434 699 2499 levi
732 2442 828 2516 atque
857 2435 996 2518 joculari
1029 2434 1147 2500 delicto
1175 2460 1234 2522 par

160 2555 163 2559 ’
206 2555 302 2610 esset.
346 2543 396 2607 Ita
423 2567 545 2630 angore
573 2565 610 2626 ao
638 2544 745 2608 taedio
773 2544 870 2629 periit
898 2544 996 2630 [anno
1020 2547 1134 2611 aetatis
1158 2569 1234 2614 suae

206 2655 306 2720 altero
328 2663 362 2718 et
383 2638 628 2740 octuagesimo}
991 2724 999 2731 Ν

121 2765 293 2850 Quomodo
322 2775 428 2829 autern
456 2765 561 2828 altera·
582 2763 639 2826 illa
666 2785 766 2847 eaque
796 2765 925 2830 brevior
952 2767 1098 2838 vetustae
1125 2791 1233 2834 narra-

87 2912 91 2919 =
125 2876 221 2940 tionis
250 2877 354 2940 forma
382 2875 608 2968 aposteriore,
631 2874 769 2958 quodam
791 2875 877 2938 vitae
906 2877 1064 2960 scriptore
1086 2900 1126 2941 ex
1147 2879 1235 2962 prio·

124 3008 173 3063 re,
201 2995 238 3048 ut
265 2986 390 3070 opinor,
417 2986 451 3047 in
479 2984 660 3048 breviorem
692 2983 837 3065 redacta,
870 2984 976 3068 primo
1004 3007 1054 3050 se·
1073 2985 1236 3071 habuerit,

125 3093 245 3178 optime
268 3094 378 3179 prodit
400 3095 468 3157 vita
490 3117 540 3179 ap.
565 3091 685 3176 Oram,
708 3116 804 3177 quam
827 3096 875 3160 sio
897 3095 1078 3160 restitutam
1101 3097 1194 3162 volo:
1273 3168 1275 3174 ,

133 3186 137 3193 ,
275 3204 446 3269 luvenalis
482 3205 543 3270 iste
565 3205 747 3288 Aquinates
781 3205 857 3287 fuit,
890 3197 925 3268 id
958 3217 1008 3270 est
1040 3206 1080 3272 de
1102 3208 1235 3292 Aquino

209 3315 340 3399 oppido.
384 3313 494 3379 Prima
520 3323 625 3384 aetate
653 3313 757 3395 siluit,
787 3314 827 3379 ad
854 3315 992 3380 mediam
1018 3318 1086 3382 fere
1109 3319 1150 3405 (s.
1174 3319 1236 3383 fer-

208 3427 273 3507 me)
308 3424 499 3488 declamavit
527 3424 741 3510 [temporibus
768 3423 913 3490 Neronis
937 3420 1068 3492 Claudii
1100 3430 1237 3513 impera·

207 3533 320 3620 toris],
349 3533 432 3597 unde
460 3544 493 3598 et
520 3535 611 3620 quasi
639 3530 828 3599 diu'taeuit.
870 3534 964 3600 Fecit
986 3534 1142 3620 quosdam
1166 3559 1236 3600 ver·

210 3667 265 3710 sus
293 3645 326 3708 in
354 3642 506 3708 Paridem
532 3646 779 3729 pantomimum,
808 3645 863 3728 qui
890 3656 957 3710 tum
984 3649 1026 3730 (s.
1054 3655 1132 3709 tunc
1158 3656 1237 3712 tem-

210 3755 315 3839 poris)
349 3753 435 3839 apud
468 3754 696 3839 imperatorem
727 3755 899 3840 plurimum
932 3753 1058 3818 valebat
1081 3755 1123 3842 (s.
1144 3766 1237 3841 pote-

195 3865 284 3951 rat).
348 3862 421 3936 Hac
459 3864 499 3928 de
539 3885 636 3929 causa
674 3866 764 3928 venit
800 3864 833 3928 in
872 3864 1106 3949 suspicionem,
1143 3869 1237 3950 quasi

125 3984 326 3996 ——-—·

228 4052 247 4115 ¹)
268 4051 312 4101 Sic
330 4063 397 4101 recte
416 4053 553 4117 legendum
572 4060 623 4114 est,
641 4053 766 4101 attrahet
785 4048 843 4101 0on
857 4050 936 4110 Pul,
954 4054 1073 4101 nonnulli
1092 4055 1172 4116 enim,
1193 4058 1237 4117 qui

129 4162 182 4194 voe.
202 4144 298 4196 tendere
314 4144 340 4192 h.
357 4147 375 4194 1.
393 4143 548 4208 f’stationem
573 4144 684 4194 habere”
709 4145 854 4209 significare
872 4159 924 4192 non
948 4146 1137 4209 intelligerent,
1160 4147 1187 4195 id
1210 4147 1237 4198 in

134 4240 348 4304 significationem
367 4236 580 4302 ”proficiscendi'’
598 4232 777 4301 acceperunt«
801 4265 804 4279 ·
846 4262 848 4275 ·
1145 4210 1313 4344 ᾗ
