<?xml version="1.0" encoding="UTF-8"?>
<!DOCTYPE html PUBLIC "-//W3C//DTD XHTML 1.0 Transitional//EN"
    "http://www.w3.org/TR/xhtml1/DTD/xhtml1-transitional.dtd">
<html xmlns="http://www.w3.org/1999/xhtml" xml:lang="en" lang="en">
 <head>
  <title>
</title>
<meta http-equiv="Content-Type" content="text/html;charset=utf-8" />
  <meta name='ocr-system' content='tesseract 3.04.00' />
  <meta name='ocr-capabilities' content='ocr_page ocr_carea ocr_par ocr_line ocrx_word'/>
</head>
<body>
  <div class='ocr_page' id='page_1' title='image "./detemporibusvit00synngoog_0093.png"; bbox 0 0 2722 4658; ppageno 0'>
   <div class='ocr_carea' id='block_1_1' title="bbox 177 225 219 292">
    <p class='ocr_par' dir='ltr' id='par_1_1' title="bbox 177 225 219 292">
     <span class='ocr_line' id='line_1_1' title="bbox 177 225 219 292; baseline 0 0"><span class='ocrx_word' id='word_1_1' title='bbox 177 225 219 292; x_wconf 80' lang='lat'>86</span> 
     </span>
    </p>
   </div>
   <div class='ocr_carea' id='block_1_2' title="bbox 47 409 1331 4383">
    <p class='ocr_par' dir='ltr' id='par_1_2' title="bbox 47 409 1331 4038">
     <span class='ocr_line' id='line_1_2' title="bbox 137 409 1251 500; baseline -0.005 -18"><span class='ocrx_word' id='word_1_2' title='bbox 137 413 263 482; x_wconf 82' lang='lat' dir='ltr'>venalis</span> <span class='ocrx_word' id='word_1_3' title='bbox 284 410 384 480; x_wconf 82' lang='lat' dir='ltr'>vitam</span> <span class='ocrx_word' id='word_1_4' title='bbox 405 413 546 480; x_wconf 89' lang='lat' dir='ltr'>obscuro</span> <span class='ocrx_word' id='word_1_5' title='bbox 567 412 642 479; x_wconf 90' lang='lat' dir='ltr'>loeo</span> <span class='ocrx_word' id='word_1_6' title='bbox 664 433 766 500; x_wconf 84' lang='lat' dir='ltr'>agens</span> <span class='ocrx_word' id='word_1_7' title='bbox 787 413 843 478; x_wconf 83' lang='lat' dir='ltr'>vix</span> <span class='ocrx_word' id='word_1_8' title='bbox 870 431 995 477; x_wconf 90' lang='lat' dir='ltr'>summa</span> <span class='ocrx_word' id='word_1_9' title='bbox 1018 409 1177 497; x_wconf 89' lang='lat' dir='ltr'>principis</span> <span class='ocrx_word' id='word_1_10' title='bbox 1197 412 1251 476; x_wconf 89' lang='lat' dir='ltr'>ira</span> 
     </span>
     <span class='ocr_line' id='line_1_3' title="bbox 137 521 1251 613; baseline -0.005 -22"><span class='ocrx_word' id='word_1_11' title='bbox 137 524 258 613; x_wconf 85' lang='lat' dir='ltr'>dignus</span> <span class='ocrx_word' id='word_1_12' title='bbox 289 523 471 590; x_wconf 88' lang='lat' dir='ltr'>haberetur.</span> <span class='ocrx_word' id='word_1_13' title='bbox 518 522 617 608; x_wconf 78' lang='lat' dir='ltr'>Quod</span> <span class='ocrx_word' id='word_1_14' title='bbox 644 523 673 590; x_wconf 89' lang='lat' dir='ltr'>si</span> <span class='ocrx_word' id='word_1_15' title='bbox 704 522 955 589; x_wconf 78' lang='lat' dir='ltr'>concederemus</span> <span class='ocrx_word' id='word_1_16' title='bbox 988 529 1084 608; x_wconf 86' lang='lat' dir='ltr'>atque</span> <span class='ocrx_word' id='word_1_17' title='bbox 1114 521 1251 606; x_wconf 92' lang='lat' dir='ltr'>insuper</span> 
     </span>
     <span class='ocr_line' id='line_1_4' title="bbox 136 630 1252 722; baseline -0.006 -20"><span class='ocrx_word' id='word_1_18' title='bbox 136 634 319 702; x_wconf 86' lang='lat' dir='ltr'>Domitiani</span> <span class='ocrx_word' id='word_1_19' title='bbox 339 632 639 722; x_wconf 79' lang='lat' dir='ltr'>propugnatoribus</span> <span class='ocrx_word' id='word_1_20' title='bbox 660 632 850 722; x_wconf 82' lang='lat' dir='ltr'>largiremur</span> <span class='ocrx_word' id='word_1_21' title='bbox 876 654 917 697; x_wconf 90' lang='lat' dir='ltr'>ex</span> <span class='ocrx_word' id='word_1_22' title='bbox 943 631 1077 698; x_wconf 89' lang='lat' dir='ltr'>arbitrio</span> <span class='ocrx_word' id='word_1_23' title='bbox 1099 630 1252 696; x_wconf 89' lang='lat' dir='ltr'>similitu-</span> 
     </span>
     <span class='ocr_line' id='line_1_5' title="bbox 137 741 1252 832; baseline -0.005 -18"><span class='ocrx_word' id='word_1_24' title='bbox 137 746 289 832; x_wconf 88' lang='lat' dir='ltr'>dinisque</span> <span class='ocrx_word' id='word_1_25' title='bbox 309 745 556 831; x_wconf 79' lang='lat' dir='ltr'>opportunitate</span> <span class='ocrx_word' id='word_1_26' title='bbox 576 743 653 808; x_wconf 87' lang='lat' dir='ltr'>ficta</span> <span class='ocrx_word' id='word_1_27' title='bbox 673 744 708 808; x_wconf 93' lang='lat' dir='ltr'>in</span> <span class='ocrx_word' id='word_1_28' title='bbox 728 743 807 808; x_wconf 86' lang='lat' dir='ltr'>vitis</span> <span class='ocrx_word' id='word_1_29' title='bbox 829 741 871 806; x_wconf 87' lang='lat' dir='ltr'>de</span> <span class='ocrx_word' id='word_1_30' title='bbox 892 741 994 809; x_wconf 90' lang='lat' dir='ltr'>altero</span> <span class='ocrx_word' id='word_1_31' title='bbox 1015 741 1074 806; x_wconf 91' lang='lat' dir='ltr'>illo</span> <span class='ocrx_word' id='word_1_32' title='bbox 1090 741 1252 808; x_wconf 79' lang='lat' dir='ltr'>histrione</span> 
     </span>
     <span class='ocr_line' id='line_1_6' title="bbox 137 852 1253 944; baseline -0.004 -22"><span class='ocrx_word' id='word_1_33' title='bbox 137 856 279 943; x_wconf 84' lang='lat' dir='ltr'>principi</span> <span class='ocrx_word' id='word_1_34' title='bbox 299 864 394 944; x_wconf 84' lang='lat' dir='ltr'>grato</span> <span class='ocrx_word' id='word_1_35' title='bbox 413 855 546 942; x_wconf 89' lang='lat' dir='ltr'>jactari,</span> <span class='ocrx_word' id='word_1_36' title='bbox 566 853 662 919; x_wconf 85' lang='lat' dir='ltr'>valde</span> <span class='ocrx_word' id='word_1_37' title='bbox 682 854 799 919; x_wconf 88' lang='lat' dir='ltr'>mirum</span> <span class='ocrx_word' id='word_1_38' title='bbox 820 861 928 918; x_wconf 89' lang='lat' dir='ltr'>tamen</span> <span class='ocrx_word' id='word_1_39' title='bbox 949 852 1124 934; x_wconf 83' lang='lat' dir='ltr'>videretur,</span> <span class='ocrx_word' id='word_1_40' title='bbox 1151 874 1253 936; x_wconf 89' lang='lat' dir='ltr'>quare</span> 
     </span>
     <span class='ocr_line' id='line_1_7' title="bbox 137 952 1252 1052; baseline -0.005 -19"><span class='ocrx_word' id='word_1_41' title='bbox 137 965 302 1034; x_wconf 85' lang='lat' dir='ltr'>Martialis</span> <span class='ocrx_word' id='word_1_42' title='bbox 323 967 408 1032; x_wconf 91' lang='lat' dir='ltr'>hanc</span> <span class='ocrx_word' id='word_1_43' title='bbox 428 952 497 1030; x_wconf 84' lang='lat' dir='ltr'>rem</span> <span class='ocrx_word' id='word_1_44' title='bbox 518 966 650 1031; x_wconf 92' lang='lat' dir='ltr'>omnino</span> <span class='ocrx_word' id='word_1_45' title='bbox 671 987 739 1030; x_wconf 93' lang='lat' dir='ltr'>non</span> <span class='ocrx_word' id='word_1_46' title='bbox 760 963 926 1052; x_wconf 80' lang='lat' dir='ltr'>attigisset</span> <span class='ocrx_word' id='word_1_47' title='bbox 945 962 980 1029; x_wconf 94' lang='lat' dir='ltr'>in</span> <span class='ocrx_word' id='word_1_48' title='bbox 995 964 1099 1050; x_wconf 85' lang='lat' dir='ltr'>epigr.</span> <span class='ocrx_word' id='word_1_49' title='bbox 1109 960 1183 1028; x_wconf 89' lang='lat' dir='ltr'>XII</span> <span class='ocrx_word' id='word_1_50' title='bbox 1199 963 1252 1045; x_wconf 85' lang='lat'>18,</span> 
     </span>
     <span class='ocr_line' id='line_1_8' title="bbox 137 1069 1254 1162; baseline -0.004 -19"><span class='ocrx_word' id='word_1_51' title='bbox 137 1077 195 1144; x_wconf 92' lang='lat' dir='ltr'>ubi</span> <span class='ocrx_word' id='word_1_52' title='bbox 214 1076 337 1143; x_wconf 90' lang='lat' dir='ltr'>mentio</span> <span class='ocrx_word' id='word_1_53' title='bbox 359 1078 428 1161; x_wconf 89' lang='lat' dir='ltr'>ejus</span> <span class='ocrx_word' id='word_1_54' title='bbox 450 1097 606 1162; x_wconf 86' lang='lat' dir='ltr'>perquam</span> <span class='ocrx_word' id='word_1_55' title='bbox 627 1083 703 1162; x_wconf 90' lang='lat' dir='ltr'>apte</span> <span class='ocrx_word' id='word_1_56' title='bbox 724 1075 826 1142; x_wconf 89' lang='lat' dir='ltr'>inseri</span> <span class='ocrx_word' id='word_1_57' title='bbox 846 1075 965 1161; x_wconf 90' lang='lat' dir='ltr'>potuit.</span> <span class='ocrx_word' id='word_1_58' title='bbox 1009 1073 1077 1141; x_wconf 86' lang='lat' dir='ltr'>Sed</span> <span class='ocrx_word' id='word_1_59' title='bbox 1099 1074 1140 1158; x_wconf 87' lang='lat' dir='ltr'>de</span> <span class='ocrx_word' id='word_1_60' title='bbox 1160 1069 1254 1139; x_wconf 88' lang='lat' dir='ltr'>Mar-</span> 
     </span>
     <span class='ocr_line' id='line_1_9' title="bbox 137 1182 1253 1272; baseline -0.001 -18"><span class='ocrx_word' id='word_1_61' title='bbox 137 1187 216 1254; x_wconf 89' lang='lat' dir='ltr'>tiale</span> <span class='ocrx_word' id='word_1_62' title='bbox 247 1184 332 1254; x_wconf 91' lang='lat' dir='ltr'>nihil</span> <span class='ocrx_word' id='word_1_63' title='bbox 362 1185 500 1272; x_wconf 86' lang='lat' dir='ltr'>amplius</span> <span class='ocrx_word' id='word_1_64' title='bbox 533 1186 618 1251; x_wconf 90' lang='lat' dir='ltr'>dico.</span> <span class='ocrx_word' id='word_1_65' title='bbox 673 1182 711 1250; x_wconf 88' lang='lat' dir='ltr'>Si</span> <span class='ocrx_word' id='word_1_66' title='bbox 737 1208 817 1252; x_wconf 84' lang='lat' dir='ltr'>vero</span> <span class='ocrx_word' id='word_1_67' title='bbox 844 1184 1016 1252; x_wconf 83' lang='lat' dir='ltr'>Juvenalis</span> <span class='ocrx_word' id='word_1_68' title='bbox 1050 1185 1093 1253; x_wconf 94' lang='lat' dir='ltr'>ob</span> <span class='ocrx_word' id='word_1_69' title='bbox 1120 1185 1253 1253; x_wconf 90' lang='lat' dir='ltr'>Paridis</span> 
     </span>
     <span class='ocr_line' id='line_1_10' title="bbox 136 1295 1254 1386; baseline -0.004 -22"><span class='ocrx_word' id='word_1_70' title='bbox 136 1297 258 1364; x_wconf 90' lang='lat' dir='ltr'>mortui</span> <span class='ocrx_word' id='word_1_71' title='bbox 280 1296 336 1386; x_wconf 92' lang='lat' dir='ltr'>(de</span> <span class='ocrx_word' id='word_1_72' title='bbox 357 1297 433 1364; x_wconf 88' lang='lat' dir='ltr'>vivo</span> <span class='ocrx_word' id='word_1_73' title='bbox 454 1318 496 1362; x_wconf 90' lang='lat' dir='ltr'>ne</span> <span class='ocrx_word' id='word_1_74' title='bbox 517 1295 657 1383; x_wconf 86' lang='lat' dir='ltr'>cogitari</span> <span class='ocrx_word' id='word_1_75' title='bbox 682 1295 813 1381; x_wconf 89' lang='lat' dir='ltr'>quidem</span> <span class='ocrx_word' id='word_1_76' title='bbox 838 1297 964 1382; x_wconf 88' lang='lat' dir='ltr'>potest)</span> <span class='ocrx_word' id='word_1_77' title='bbox 985 1295 1171 1362; x_wconf 88' lang='lat' dir='ltr'>irrisionem</span> <span class='ocrx_word' id='word_1_78' title='bbox 1195 1317 1254 1360; x_wconf 89' lang='lat' dir='ltr'>au·</span> 
     </span>
     <span class='ocr_line' id='line_1_11' title="bbox 137 1405 1255 1495; baseline -0.003 -20"><span class='ocrx_word' id='word_1_79' title='bbox 137 1409 229 1475; x_wconf 88' lang='lat' dir='ltr'>ribus</span> <span class='ocrx_word' id='word_1_80' title='bbox 251 1408 381 1495; x_wconf 80' lang='lat' dir='ltr'>tyranni</span> <span class='ocrx_word' id='word_1_81' title='bbox 401 1407 514 1473; x_wconf 89' lang='lat' dir='ltr'>nescio</span> <span class='ocrx_word' id='word_1_82' title='bbox 530 1405 618 1471; x_wconf 89' lang='lat' dir='ltr'>unde</span> <span class='ocrx_word' id='word_1_83' title='bbox 636 1405 778 1472; x_wconf 89' lang='lat' dir='ltr'>oblatam</span> <span class='ocrx_word' id='word_1_84' title='bbox 794 1427 814 1470; x_wconf 89' lang='lat' dir='ltr'>a</span> <span class='ocrx_word' id='word_1_85' title='bbox 828 1407 1019 1473; x_wconf 92' lang='lat' dir='ltr'>Domitiano</span> <span class='ocrx_word' id='word_1_86' title='bbox 1037 1406 1135 1473; x_wconf 84' lang='lat' dir='ltr'>exilio</span> <span class='ocrx_word' id='word_1_87' title='bbox 1156 1408 1255 1494; x_wconf 87' lang='lat' dir='ltr'>puni-</span> 
     </span>
     <span class='ocr_line' id='line_1_12' title="bbox 137 1500 1254 1606; baseline -0.001 -21"><span class='ocrx_word' id='word_1_88' title='bbox 137 1527 192 1586; x_wconf 90' lang='lat' dir='ltr'>tus</span> <span class='ocrx_word' id='word_1_89' title='bbox 214 1500 316 1603; x_wconf 78' lang='lat' dir='ltr'>esset,</span> <span class='ocrx_word' id='word_1_90' title='bbox 335 1521 407 1606; x_wconf 88' lang='lat' dir='ltr'>jure</span> <span class='ocrx_word' id='word_1_91' title='bbox 428 1518 655 1603; x_wconf 87' lang='lat' dir='ltr'>requireretur,</span> <span class='ocrx_word' id='word_1_92' title='bbox 678 1540 736 1583; x_wconf 85' lang='lat' dir='ltr'>cnr</span> <span class='ocrx_word' id='word_1_93' title='bbox 756 1517 828 1605; x_wconf 91' lang='lat' dir='ltr'>ipse</span> <span class='ocrx_word' id='word_1_94' title='bbox 844 1541 912 1583; x_wconf 88' lang='lat' dir='ltr'>rem</span> <span class='ocrx_word' id='word_1_95' title='bbox 928 1517 1130 1599; x_wconf 86' lang='lat' dir='ltr'>reticuisset,</span> <span class='ocrx_word' id='word_1_96' title='bbox 1151 1517 1254 1584; x_wconf 92' lang='lat' dir='ltr'>immo</span> 
     </span>
     <span class='ocr_line' id='line_1_13' title="bbox 137 1629 1255 1713; baseline -0.003 -16"><span class='ocrx_word' id='word_1_97' title='bbox 137 1653 217 1698; x_wconf 84' lang='lat' dir='ltr'>vero</span> <span class='ocrx_word' id='word_1_98' title='bbox 228 1653 296 1697; x_wconf 93' lang='lat' dir='ltr'>non</span> <span class='ocrx_word' id='word_1_99' title='bbox 306 1630 491 1698; x_wconf 89' lang='lat' dir='ltr'>reticuisset</span> <span class='ocrx_word' id='word_1_100' title='bbox 500 1629 609 1713; x_wconf 88' lang='lat' dir='ltr'>modo,</span> <span class='ocrx_word' id='word_1_101' title='bbox 621 1630 680 1696; x_wconf 92' lang='lat' dir='ltr'>sed</span> <span class='ocrx_word' id='word_1_102' title='bbox 691 1629 845 1695; x_wconf 86' lang='lat' dir='ltr'>mentitus</span> <span class='ocrx_word' id='word_1_103' title='bbox 857 1636 947 1695; x_wconf 89' lang='lat' dir='ltr'>esset</span> <span class='ocrx_word' id='word_1_104' title='bbox 957 1637 1054 1713; x_wconf 88' lang='lat' dir='ltr'>atque</span> <span class='ocrx_word' id='word_1_105' title='bbox 1066 1629 1144 1694; x_wconf 90' lang='lat' dir='ltr'>ficta</span> <span class='ocrx_word' id='word_1_106' title='bbox 1154 1649 1255 1712; x_wconf 87' lang='lat' dir='ltr'>quae-</span> 
     </span>
     <span class='ocr_line' id='line_1_14' title="bbox 138 1737 1254 1827; baseline -0.002 -19"><span class='ocrx_word' id='word_1_107' title='bbox 138 1742 213 1808; x_wconf 89' lang='lat' dir='ltr'>dam</span> <span class='ocrx_word' id='word_1_108' title='bbox 227 1741 270 1807; x_wconf 91' lang='lat' dir='ltr'>de</span> <span class='ocrx_word' id='word_1_109' title='bbox 286 1763 322 1809; x_wconf 89' lang='lat' dir='ltr'>se</span> <span class='ocrx_word' id='word_1_110' title='bbox 337 1741 410 1827; x_wconf 91' lang='lat' dir='ltr'>ipse</span> <span class='ocrx_word' id='word_1_111' title='bbox 431 1742 640 1808; x_wconf 86' lang='lat' dir='ltr'>enuntiasset.</span> <span class='ocrx_word' id='word_1_112' title='bbox 684 1737 801 1823; x_wconf 87' lang='lat' dir='ltr'>Nemo,</span> <span class='ocrx_word' id='word_1_113' title='bbox 823 1738 932 1822; x_wconf 92' lang='lat' dir='ltr'>credo,</span> <span class='ocrx_word' id='word_1_114' title='bbox 954 1738 1059 1823; x_wconf 88' lang='lat' dir='ltr'>facile,</span> <span class='ocrx_word' id='word_1_115' title='bbox 1084 1762 1124 1806; x_wconf 93' lang='lat' dir='ltr'>ne</span> <span class='ocrx_word' id='word_1_116' title='bbox 1145 1739 1254 1806; x_wconf 91' lang='lat' dir='ltr'>dicam</span> 
     </span>
     <span class='ocr_line' id='line_1_15' title="bbox 138 1849 1253 1938; baseline -0.001 -20"><span class='ocrx_word' id='word_1_117' title='bbox 138 1859 237 1934; x_wconf 83' lang='lat' dir='ltr'>recte,</span> <span class='ocrx_word' id='word_1_118' title='bbox 259 1851 322 1917; x_wconf 91' lang='lat' dir='ltr'>sibi</span> <span class='ocrx_word' id='word_1_119' title='bbox 345 1849 569 1937; x_wconf 87' lang='lat' dir='ltr'>persuadebit,</span> <span class='ocrx_word' id='word_1_120' title='bbox 591 1857 723 1935; x_wconf 90' lang='lat' dir='ltr'>poetam</span> <span class='ocrx_word' id='word_1_121' title='bbox 744 1850 957 1917; x_wconf 89' lang='lat' dir='ltr'>acerrimoin</span> <span class='ocrx_word' id='word_1_122' title='bbox 979 1860 1152 1938; x_wconf 90' lang='lat' dir='ltr'>tyrannum</span> <span class='ocrx_word' id='word_1_123' title='bbox 1174 1849 1253 1918; x_wconf 90' lang='lat' dir='ltr'>odio</span> 
     </span>
     <span class='ocr_line' id='line_1_16' title="bbox 138 1958 1255 2047; baseline -0.001 -19"><span class='ocrx_word' id='word_1_124' title='bbox 138 1961 271 2028; x_wconf 89' lang='lat' dir='ltr'>ductum</span> <span class='ocrx_word' id='word_1_125' title='bbox 303 1961 426 2043; x_wconf 89' lang='lat' dir='ltr'>omnia,</span> <span class='ocrx_word' id='word_1_126' title='bbox 464 1980 547 2044; x_wconf 91' lang='lat' dir='ltr'>quae</span> <span class='ocrx_word' id='word_1_127' title='bbox 579 1958 621 2024; x_wconf 90' lang='lat' dir='ltr'>ad</span> <span class='ocrx_word' id='word_1_128' title='bbox 652 1983 759 2027; x_wconf 90' lang='lat' dir='ltr'>mores</span> <span class='ocrx_word' id='word_1_129' title='bbox 792 1962 862 2047; x_wconf 91' lang='lat' dir='ltr'>ejus</span> <span class='ocrx_word' id='word_1_130' title='bbox 894 1962 1075 2047; x_wconf 90' lang='lat' dir='ltr'>carpendos</span> <span class='ocrx_word' id='word_1_131' title='bbox 1108 1962 1255 2046; x_wconf 88' lang='lat' dir='ltr'>vitiaque</span> 
     </span>
     <span class='ocr_line' id='line_1_17' title="bbox 138 2070 1252 2159; baseline -0.001 -20"><span class='ocrx_word' id='word_1_132' title='bbox 138 2070 342 2141; x_wconf 85' lang='lat' dir='ltr'>ostendenda</span> <span class='ocrx_word' id='word_1_133' title='bbox 362 2070 523 2153; x_wconf 88' lang='lat' dir='ltr'>valerent,</span> <span class='ocrx_word' id='word_1_134' title='bbox 545 2092 670 2137; x_wconf 90' lang='lat' dir='ltr'>summo</span> <span class='ocrx_word' id='word_1_135' title='bbox 693 2070 802 2137; x_wconf 90' lang='lat' dir='ltr'>studio</span> <span class='ocrx_word' id='word_1_136' title='bbox 824 2095 892 2137; x_wconf 90' lang='lat' dir='ltr'>non</span> <span class='ocrx_word' id='word_1_137' title='bbox 913 2081 1117 2159; x_wconf 88' lang='lat' dir='ltr'>arrepturum</span> <span class='ocrx_word' id='word_1_138' title='bbox 1138 2072 1252 2140; x_wconf 87' lang='lat' dir='ltr'>fuisse.</span> 
     </span>
     <span class='ocr_line' id='line_1_18' title="bbox 137 2180 1317 2269; baseline 0.001 -20"><span class='ocrx_word' id='word_1_139' title='bbox 137 2181 264 2250; x_wconf 84' lang='lat' dir='ltr'>Verum</span> <span class='ocrx_word' id='word_1_140' title='bbox 279 2182 311 2250; x_wconf 89' lang='lat' dir='ltr'>si</span> <span class='ocrx_word' id='word_1_141' title='bbox 321 2202 418 2250; x_wconf 88' lang='lat' dir='ltr'>causa</span> <span class='ocrx_word' id='word_1_142' title='bbox 429 2180 587 2267; x_wconf 90' lang='lat' dir='ltr'>quaedam</span> <span class='ocrx_word' id='word_1_143' title='bbox 599 2182 629 2248; x_wconf 91' lang='lat' dir='ltr'>ei</span> <span class='ocrx_word' id='word_1_144' title='bbox 644 2181 743 2248; x_wconf 86' lang='lat' dir='ltr'>fuerit</span> <span class='ocrx_word' id='word_1_145' title='bbox 757 2182 853 2269; x_wconf 86' lang='lat' dir='ltr'>hujus</span> <span class='ocrx_word' id='word_1_146' title='bbox 869 2182 957 2249; x_wconf 86' lang='lat' dir='ltr'>exilii</span> <span class='ocrx_word' id='word_1_147' title='bbox 965 2182 1139 2267; x_wconf 89' lang='lat' dir='ltr'>reticendi,</span> <span class='ocrx_word' id='word_1_148' title='bbox 1155 2183 1254 2250; x_wconf 87' lang='lat' dir='ltr'>nobis</span> <span class='ocrx_word' id='word_1_149' title='bbox 1310 2248 1317 2258; x_wconf 78' lang='grc'><em>,</em></span> 
     </span>
     <span class='ocr_line' id='line_1_19' title="bbox 137 2292 1254 2382; baseline 0.001 -23"><span class='ocrx_word' id='word_1_150' title='bbox 137 2315 206 2360; x_wconf 93' lang='lat' dir='ltr'>non</span> <span class='ocrx_word' id='word_1_151' title='bbox 226 2292 333 2360; x_wconf 89' lang='lat' dir='ltr'>minus</span> <span class='ocrx_word' id='word_1_152' title='bbox 354 2293 469 2382; x_wconf 83' lang='lat' dir='ltr'>ignota</span> <span class='ocrx_word' id='word_1_153' title='bbox 489 2315 586 2379; x_wconf 88' lang='lat' dir='ltr'>quam</span> <span class='ocrx_word' id='word_1_154' title='bbox 606 2293 774 2360; x_wconf 86' lang='lat' dir='ltr'>intellectu</span> <span class='ocrx_word' id='word_1_155' title='bbox 794 2293 1002 2378; x_wconf 85' lang='lat' dir='ltr'>difficillima,</span> <span class='ocrx_word' id='word_1_156' title='bbox 1023 2294 1103 2380; x_wconf 90' lang='lat' dir='ltr'>quid</span> <span class='ocrx_word' id='word_1_157' title='bbox 1124 2313 1254 2380; x_wconf 89' lang='lat' dir='ltr'>causae,</span> 
     </span>
     <span class='ocr_line' id='line_1_20' title="bbox 141 2397 1254 2492; baseline 0 -22"><span class='ocrx_word' id='word_1_158' title='bbox 141 2397 281 2492; x_wconf 81' lang='lat' dir='ltr'>quaeso,</span> <span class='ocrx_word' id='word_1_159' title='bbox 317 2403 493 2492; x_wconf 84' lang='lat' dir='ltr'>fingamus,</span> <span class='ocrx_word' id='word_1_160' title='bbox 530 2403 740 2489; x_wconf 89' lang='lat' dir='ltr'>quamobrem</span> <span class='ocrx_word' id='word_1_161' title='bbox 771 2402 825 2469; x_wconf 82' lang='lat' dir='ltr'>vel</span> <span class='ocrx_word' id='word_1_162' title='bbox 855 2404 927 2471; x_wconf 91' lang='lat' dir='ltr'>fieri</span> <span class='ocrx_word' id='word_1_163' title='bbox 958 2404 1119 2491; x_wconf 87' lang='lat' dir='ltr'>potuerit,</span> <span class='ocrx_word' id='word_1_164' title='bbox 1151 2411 1188 2469; x_wconf 91' lang='lat' dir='ltr'>ut</span> <span class='ocrx_word' id='word_1_165' title='bbox 1217 2405 1254 2470; x_wconf 89' lang='lat' dir='ltr'>in</span> 
     </span>
     <span class='ocr_line' id='line_1_21' title="bbox 47 2514 1255 2603; baseline 0 -22"><span class='ocrx_word' id='word_1_166' title='bbox 47 2517 48 2521; x_wconf 71' lang='grc'>’</span> <span class='ocrx_word' id='word_1_167' title='bbox 139 2515 246 2603; x_wconf 89' lang='lat' dir='ltr'>prima</span> <span class='ocrx_word' id='word_1_168' title='bbox 266 2515 366 2582; x_wconf 86' lang='lat' dir='ltr'>satira</span> <span class='ocrx_word' id='word_1_169' title='bbox 387 2523 455 2580; x_wconf 92' lang='lat' dir='ltr'>tum</span> <span class='ocrx_word' id='word_1_170' title='bbox 476 2514 605 2580; x_wconf 92' lang='lat' dir='ltr'>demum</span> <span class='ocrx_word' id='word_1_171' title='bbox 625 2514 835 2600; x_wconf 85' lang='lat' dir='ltr'>incipientem</span> <span class='ocrx_word' id='word_1_172' title='bbox 855 2522 889 2580; x_wconf 91' lang='lat' dir='ltr'>et</span> <span class='ocrx_word' id='word_1_173' title='bbox 908 2514 1142 2600; x_wconf 89' lang='lat' dir='ltr'>periculorum,</span> <span class='ocrx_word' id='word_1_174' title='bbox 1169 2535 1255 2601; x_wconf 90' lang='lat' dir='ltr'>quae</span> 
     </span>
     <span class='ocr_line' id='line_1_22' title="bbox 137 2623 1255 2712; baseline 0.003 -22"><span class='ocrx_word' id='word_1_175' title='bbox 137 2625 203 2691; x_wconf 88' lang='lat' dir='ltr'>hoc</span> <span class='ocrx_word' id='word_1_176' title='bbox 225 2624 390 2692; x_wconf 90' lang='lat' dir='ltr'>scribendi</span> <span class='ocrx_word' id='word_1_177' title='bbox 416 2646 520 2711; x_wconf 83' lang='lat' dir='ltr'>genus</span> <span class='ocrx_word' id='word_1_178' title='bbox 547 2623 695 2702; x_wconf 89' lang='lat' dir='ltr'>haberet,</span> <span class='ocrx_word' id='word_1_179' title='bbox 722 2623 870 2710; x_wconf 86' lang='lat' dir='ltr'>ignarum</span> <span class='ocrx_word' id='word_1_180' title='bbox 897 2633 1126 2712; x_wconf 88' lang='lat' dir='ltr'>expertemque</span> <span class='ocrx_word' id='word_1_181' title='bbox 1154 2626 1255 2693; x_wconf 90' lang='lat' dir='ltr'>simu·</span> 
     </span>
     <span class='ocr_line' id='line_1_23' title="bbox 72 2733 1253 2822; baseline 0.003 -21"><span class='ocrx_word' id='word_1_182' title='bbox 72 2763 78 2779; x_wconf 92' lang='lat'><strong>·</strong></span> <span class='ocrx_word' id='word_1_183' title='bbox 138 2734 266 2801; x_wconf 88' lang='lat' dir='ltr'>laverit.</span> <span class='ocrx_word' id='word_1_184' title='bbox 308 2733 457 2820; x_wconf 87' lang='lat' dir='ltr'>Namque</span> <span class='ocrx_word' id='word_1_185' title='bbox 479 2733 611 2800; x_wconf 89' lang='lat' dir='ltr'>exilium</span> <span class='ocrx_word' id='word_1_186' title='bbox 632 2733 782 2800; x_wconf 91' lang='lat' dir='ltr'>omnibus</span> <span class='ocrx_word' id='word_1_187' title='bbox 806 2742 894 2800; x_wconf 88' lang='lat' dir='ltr'>certe</span> <span class='ocrx_word' id='word_1_188' title='bbox 915 2737 1104 2822; x_wconf 92' lang='lat' dir='ltr'>aequalibus</span> <span class='ocrx_word' id='word_1_189' title='bbox 1125 2761 1179 2806; x_wconf 88' lang='lat' dir='ltr'>res</span> <span class='ocrx_word' id='word_1_190' title='bbox 1194 2762 1253 2805; x_wconf 91' lang='lat' dir='ltr'>no-</span> 
     </span>
     <span class='ocr_line' id='line_1_24' title="bbox 138 2842 1331 2934; baseline 0.003 -22"><span class='ocrx_word' id='word_1_191' title='bbox 138 2846 267 2913; x_wconf 88' lang='lat' dir='ltr'>tissima</span> <span class='ocrx_word' id='word_1_192' title='bbox 292 2845 365 2911; x_wconf 87' lang='lat' dir='ltr'>fnit.</span> <span class='ocrx_word' id='word_1_193' title='bbox 406 2844 524 2934; x_wconf 84' lang='lat' dir='ltr'>Longe</span> <span class='ocrx_word' id='word_1_194' title='bbox 549 2867 629 2911; x_wconf 87' lang='lat' dir='ltr'>vero</span> <span class='ocrx_word' id='word_1_195' title='bbox 657 2847 751 2912; x_wconf 89' lang='lat' dir='ltr'>aliter</span> <span class='ocrx_word' id='word_1_196' title='bbox 783 2846 915 2913; x_wconf 88' lang='lat' dir='ltr'>credere</span> <span class='ocrx_word' id='word_1_197' title='bbox 941 2847 1019 2914; x_wconf 91' lang='lat' dir='ltr'>licet</span> <span class='ocrx_word' id='word_1_198' title='bbox 1045 2873 1112 2916; x_wconf 92' lang='lat' dir='ltr'>rem</span> <span class='ocrx_word' id='word_1_199' title='bbox 1139 2871 1175 2916; x_wconf 94' lang='lat' dir='ltr'>se</span> <span class='ocrx_word' id='word_1_200' title='bbox 1195 2851 1254 2916; x_wconf 85' lang='lat' dir='ltr'>ha·</span> <span class='ocrx_word' id='word_1_201' title='bbox 1330 2842 1331 2845; x_wconf 26' lang='lat'>¹</span> 
     </span>
     <span class='ocr_line' id='line_1_25' title="bbox 138 2956 1255 3044; baseline 0.004 -21"><span class='ocrx_word' id='word_1_202' title='bbox 138 2956 266 3040; x_wconf 88' lang='lat' dir='ltr'>buisse,</span> <span class='ocrx_word' id='word_1_203' title='bbox 298 2957 328 3022; x_wconf 88' lang='lat' dir='ltr'>si</span> <span class='ocrx_word' id='word_1_204' title='bbox 360 2979 500 3043; x_wconf 87' lang='lat' dir='ltr'>poenam</span> <span class='ocrx_word' id='word_1_205' title='bbox 533 2957 593 3024; x_wconf 92' lang='lat' dir='ltr'>sub</span> <span class='ocrx_word' id='word_1_206' title='bbox 625 2957 712 3024; x_wconf 95' lang='lat' dir='ltr'>bono</span> <span class='ocrx_word' id='word_1_207' title='bbox 744 2959 907 3044; x_wconf 89' lang='lat' dir='ltr'>principe,</span> <span class='ocrx_word' id='word_1_208' title='bbox 941 2959 1047 3043; x_wconf 85' lang='lat' dir='ltr'>qualis</span> <span class='ocrx_word' id='word_1_209' title='bbox 1079 2962 1144 3026; x_wconf 86' lang='lat' dir='ltr'>fuit</span> <span class='ocrx_word' id='word_1_210' title='bbox 1174 2960 1255 3027; x_wconf 86' lang='lat' dir='ltr'>Tra-</span> 
     </span>
     <span class='ocr_line' id='line_1_26' title="bbox 135 3065 1254 3157; baseline 0.005 -25"><span class='ocrx_word' id='word_1_211' title='bbox 135 3069 249 3154; x_wconf 89' lang='lat' dir='ltr'>janus,</span> <span class='ocrx_word' id='word_1_212' title='bbox 280 3067 449 3154; x_wconf 83' lang='lat' dir='ltr'>persolvit.</span> <span class='ocrx_word' id='word_1_213' title='bbox 492 3065 549 3136; x_wconf 86' lang='lat' dir='ltr'>Sic</span> <span class='ocrx_word' id='word_1_214' title='bbox 582 3067 663 3132; x_wconf 94' lang='lat' dir='ltr'>nihil</span> <span class='ocrx_word' id='word_1_215' title='bbox 695 3069 843 3154; x_wconf 84' lang='lat' dir='ltr'>profecto</span> <span class='ocrx_word' id='word_1_216' title='bbox 870 3077 936 3152; x_wconf 89' lang='lat' dir='ltr'>est,</span> <span class='ocrx_word' id='word_1_217' title='bbox 968 3069 1058 3154; x_wconf 92' lang='lat' dir='ltr'>quod</span> <span class='ocrx_word' id='word_1_218' title='bbox 1089 3074 1254 3157; x_wconf 89' lang='lat' dir='ltr'>miremur,</span> 
     </span>
     <span class='ocr_line' id='line_1_27' title="bbox 138 3175 1254 3265; baseline 0.007 -23"><span class='ocrx_word' id='word_1_219' title='bbox 138 3175 333 3243; x_wconf 82' lang='lat' dir='ltr'>Juvenalem</span> <span class='ocrx_word' id='word_1_220' title='bbox 353 3176 388 3242; x_wconf 90' lang='lat' dir='ltr'>in</span> <span class='ocrx_word' id='word_1_221' title='bbox 416 3176 545 3245; x_wconf 92' lang='lat' dir='ltr'>duobus</span> <span class='ocrx_word' id='word_1_222' title='bbox 577 3177 814 3264; x_wconf 89' lang='lat' dir='ltr'>posterioribus</span> <span class='ocrx_word' id='word_1_223' title='bbox 848 3181 1018 3245; x_wconf 89' lang='lat' dir='ltr'>satirarum</span> <span class='ocrx_word' id='word_1_224' title='bbox 1050 3181 1159 3265; x_wconf 92' lang='lat' dir='ltr'>libris,</span> <span class='ocrx_word' id='word_1_225' title='bbox 1191 3185 1254 3250; x_wconf 91' lang='lat' dir='ltr'>sub</span> 
     </span>
     <span class='ocr_line' id='line_1_28' title="bbox 139 3283 1254 3379; baseline 0.009 -29"><span class='ocrx_word' id='word_1_226' title='bbox 139 3283 320 3371; x_wconf 85' lang='lat' dir='ltr'>Hadriano,</span> <span class='ocrx_word' id='word_1_227' title='bbox 352 3295 390 3351; x_wconf 89' lang='lat' dir='ltr'>ut</span> <span class='ocrx_word' id='word_1_228' title='bbox 414 3287 576 3370; x_wconf 86' lang='lat' dir='ltr'>videntur,</span> <span class='ocrx_word' id='word_1_229' title='bbox 609 3288 821 3375; x_wconf 89' lang='lat' dir='ltr'>conscriptis,</span> <span class='ocrx_word' id='word_1_230' title='bbox 852 3289 1050 3356; x_wconf 87' lang='lat' dir='ltr'>mentionem</span> <span class='ocrx_word' id='word_1_231' title='bbox 1082 3295 1153 3379; x_wconf 91' lang='lat' dir='ltr'>ejus</span> <span class='ocrx_word' id='word_1_232' title='bbox 1186 3318 1254 3360; x_wconf 92' lang='lat' dir='ltr'>non</span> 
     </span>
     <span class='ocr_line' id='line_1_29' title="bbox 138 3396 1253 3491; baseline 0.008 -27"><span class='ocrx_word' id='word_1_233' title='bbox 138 3396 294 3465; x_wconf 82' lang='lat' dir='ltr'>movisse.</span> <span class='ocrx_word' id='word_1_234' title='bbox 326 3396 405 3466; x_wconf 89' lang='lat' dir='ltr'>Sine</span> <span class='ocrx_word' id='word_1_235' title='bbox 422 3397 521 3464; x_wconf 91' lang='lat' dir='ltr'>dubio</span> <span class='ocrx_word' id='word_1_236' title='bbox 543 3399 630 3465; x_wconf 90' lang='lat' dir='ltr'>enim</span> <span class='ocrx_word' id='word_1_237' title='bbox 651 3407 685 3465; x_wconf 92' lang='lat' dir='ltr'>et</span> <span class='ocrx_word' id='word_1_238' title='bbox 704 3421 825 3484; x_wconf 90' lang='lat' dir='ltr'>poena,</span> <span class='ocrx_word' id='word_1_239' title='bbox 848 3404 940 3488; x_wconf 90' lang='lat' dir='ltr'>cujus</span> <span class='ocrx_word' id='word_1_240' title='bbox 963 3412 1077 3469; x_wconf 88' lang='lat' dir='ltr'>auctor</span> <span class='ocrx_word' id='word_1_241' title='bbox 1092 3401 1253 3491; x_wconf 82' lang='lat' dir='ltr'>Trajanus</span> 
     </span>
     <span class='ocr_line' id='line_1_30' title="bbox 139 3509 1254 3598; baseline 0.008 -24"><span class='ocrx_word' id='word_1_242' title='bbox 139 3509 261 3592; x_wconf 84' lang='lat' dir='ltr'>fuerat,</span> <span class='ocrx_word' id='word_1_243' title='bbox 285 3510 406 3594; x_wconf 89' lang='lat' dir='ltr'>justam</span> <span class='ocrx_word' id='word_1_244' title='bbox 433 3509 595 3592; x_wconf 86' lang='lat' dir='ltr'>quandam</span> <span class='ocrx_word' id='word_1_245' title='bbox 628 3511 771 3595; x_wconf 85' lang='lat' dir='ltr'>speciem</span> <span class='ocrx_word' id='word_1_246' title='bbox 802 3509 922 3577; x_wconf 88' lang='lat' dir='ltr'>habere</span> <span class='ocrx_word' id='word_1_247' title='bbox 949 3513 1119 3579; x_wconf 87' lang='lat' dir='ltr'>videbatur</span> <span class='ocrx_word' id='word_1_248' title='bbox 1141 3523 1188 3598; x_wconf 92' lang='lat' dir='ltr'>et,</span> <span class='ocrx_word' id='word_1_249' title='bbox 1212 3540 1254 3583; x_wconf 93' lang='lat' dir='ltr'>ne</span> 
     </span>
     <span class='ocr_line' id='line_1_31' title="bbox 140 3617 1253 3705; baseline 0.006 -20"><span class='ocrx_word' id='word_1_250' title='bbox 140 3639 365 3686; x_wconf 86' lang='lat' dir='ltr'>successorem</span> <span class='ocrx_word' id='word_1_251' title='bbox 385 3617 638 3705; x_wconf 86' lang='lat' dir='ltr'>reprehensione</span> <span class='ocrx_word' id='word_1_252' title='bbox 658 3618 747 3685; x_wconf 90' lang='lat' dir='ltr'>illius</span> <span class='ocrx_word' id='word_1_253' title='bbox 770 3620 966 3705; x_wconf 83' lang='lat' dir='ltr'>offenderet,</span> <span class='ocrx_word' id='word_1_254' title='bbox 993 3644 1108 3689; x_wconf 87' lang='lat' dir='ltr'>cavere</span> <span class='ocrx_word' id='word_1_255' title='bbox 1129 3624 1253 3692; x_wconf 89' lang='lat' dir='ltr'>debuit.</span> 
     </span>
     <span class='ocr_line' id='line_1_32' title="bbox 139 3728 1255 3819; baseline 0.007 -24"><span class='ocrx_word' id='word_1_256' title='bbox 139 3730 244 3816; x_wconf 79' lang='lat' dir='ltr'>Quid,</span> <span class='ocrx_word' id='word_1_257' title='bbox 266 3731 295 3798; x_wconf 90' lang='lat' dir='ltr'>si</span> <span class='ocrx_word' id='word_1_258' title='bbox 315 3733 390 3816; x_wconf 92' lang='lat' dir='ltr'>ipso</span> <span class='ocrx_word' id='word_1_259' title='bbox 417 3729 481 3794; x_wconf 90' lang='lat' dir='ltr'>hoc</span> <span class='ocrx_word' id='word_1_260' title='bbox 507 3728 658 3797; x_wconf 84' lang='lat' dir='ltr'>officioso</span> <span class='ocrx_word' id='word_1_261' title='bbox 686 3751 764 3817; x_wconf 86' lang='lat' dir='ltr'>erga</span> <span class='ocrx_word' id='word_1_262' title='bbox 795 3731 975 3819; x_wconf 88' lang='lat' dir='ltr'>principem</span> <span class='ocrx_word' id='word_1_263' title='bbox 1003 3733 1160 3818; x_wconf 88' lang='lat' dir='ltr'>obsequio</span> <span class='ocrx_word' id='word_1_264' title='bbox 1186 3738 1255 3803; x_wconf 86' lang='lat' dir='ltr'>fac-</span> 
     </span>
     <span class='ocr_line' id='line_1_33' title="bbox 138 3839 1257 3933; baseline 0.007 -28"><span class='ocrx_word' id='word_1_265' title='bbox 138 3850 210 3906; x_wconf 91' lang='lat' dir='ltr'>tum</span> <span class='ocrx_word' id='word_1_266' title='bbox 230 3850 295 3923; x_wconf 90' lang='lat' dir='ltr'>est,</span> <span class='ocrx_word' id='word_1_267' title='bbox 315 3850 353 3905; x_wconf 89' lang='lat' dir='ltr'>ut</span> <span class='ocrx_word' id='word_1_268' title='bbox 373 3839 527 3906; x_wconf 88' lang='lat' dir='ltr'>memoria</span> <span class='ocrx_word' id='word_1_269' title='bbox 547 3839 633 3905; x_wconf 86' lang='lat' dir='ltr'>vitae</span> <span class='ocrx_word' id='word_1_270' title='bbox 654 3840 841 3924; x_wconf 83' lang='lat' dir='ltr'>Juvenalis,</span> <span class='ocrx_word' id='word_1_271' title='bbox 863 3841 939 3907; x_wconf 91' lang='lat' dir='ltr'>dum</span> <span class='ocrx_word' id='word_1_272' title='bbox 954 3844 990 3909; x_wconf 90' lang='lat' dir='ltr'>in</span> <span class='ocrx_word' id='word_1_273' title='bbox 1005 3845 1120 3912; x_wconf 91' lang='lat' dir='ltr'>animis</span> <span class='ocrx_word' id='word_1_274' title='bbox 1138 3869 1257 3933; x_wconf 91' lang='lat' dir='ltr'>aequa·</span> 
     </span>
     <span class='ocr_line' id='line_1_34' title="bbox 139 3950 831 4038; baseline -0.004 -22"><span class='ocrx_word' id='word_1_275' title='bbox 139 3952 219 4017; x_wconf 89' lang='lat' dir='ltr'>lium</span> <span class='ocrx_word' id='word_1_276' title='bbox 241 3951 388 4038; x_wconf 85' lang='lat' dir='ltr'>vigebat,</span> <span class='ocrx_word' id='word_1_277' title='bbox 410 3950 540 4015; x_wconf 89' lang='lat' dir='ltr'>anullo</span> <span class='ocrx_word' id='word_1_278' title='bbox 563 3950 831 4035; x_wconf 86' lang='lat' dir='ltr'>componeretur?</span> 
     </span>
    </p>

    <p class='ocr_par' dir='ltr' id='par_1_3' title="bbox 67 4059 1255 4383">
     <span class='ocr_line' id='line_1_35' title="bbox 241 4059 1255 4152; baseline 0.012 -27"><span class='ocrx_word' id='word_1_279' title='bbox 241 4059 410 4147; x_wconf 86' lang='lat' dir='ltr'>Perpauca</span> <span class='ocrx_word' id='word_1_280' title='bbox 441 4060 585 4145; x_wconf 90' lang='lat' dir='ltr'>quidem,</span> <span class='ocrx_word' id='word_1_281' title='bbox 624 4061 682 4127; x_wconf 89' lang='lat' dir='ltr'>sed</span> <span class='ocrx_word' id='word_1_282' title='bbox 714 4083 787 4129; x_wconf 88' lang='lat' dir='ltr'>cum</span> <span class='ocrx_word' id='word_1_283' title='bbox 819 4064 986 4149; x_wconf 91' lang='lat' dir='ltr'>superiore</span> <span class='ocrx_word' id='word_1_284' title='bbox 1022 4066 1255 4152; x_wconf 87' lang='lat' dir='ltr'>disquisitione</span> 
     </span>
     <span class='ocr_line' id='line_1_36' title="bbox 141 4171 1254 4266; baseline 0.008 -26"><span class='ocrx_word' id='word_1_285' title='bbox 141 4181 254 4240; x_wconf 88' lang='lat' dir='ltr'>nostra</span> <span class='ocrx_word' id='word_1_286' title='bbox 275 4171 443 4260; x_wconf 89' lang='lat' dir='ltr'>aptissime</span> <span class='ocrx_word' id='word_1_287' title='bbox 459 4172 500 4238; x_wconf 91' lang='lat' dir='ltr'>ad</span> <span class='ocrx_word' id='word_1_288' title='bbox 516 4172 708 4240; x_wconf 90' lang='lat' dir='ltr'>concinnam</span> <span class='ocrx_word' id='word_1_289' title='bbox 724 4173 811 4239; x_wconf 85' lang='lat' dir='ltr'>vitae</span> <span class='ocrx_word' id='word_1_290' title='bbox 827 4174 1000 4261; x_wconf 85' lang='lat' dir='ltr'>imaginem</span> <span class='ocrx_word' id='word_1_291' title='bbox 1010 4179 1254 4266; x_wconf 88' lang='lat' dir='ltr'>exprimendam</span> 
     </span>
     <span class='ocr_line' id='line_1_37' title="bbox 67 4281 1254 4383; baseline 0.01 -33"><span class='ocrx_word' id='word_1_292' title='bbox 67 4376 69 4383; x_wconf 28' lang='grc' dir='ltr'>Ι</span> <span class='ocrx_word' id='word_1_293' title='bbox 142 4284 353 4378; x_wconf 81' lang='lat' dir='ltr'>congruentia</span> <span class='ocrx_word' id='word_1_294' title='bbox 374 4282 531 4369; x_wconf 86' lang='lat' dir='ltr'>temporis</span> <span class='ocrx_word' id='word_1_295' title='bbox 553 4281 674 4352; x_wconf 89' lang='lat' dir='ltr'>indicia</span> <span class='ocrx_word' id='word_1_296' title='bbox 694 4282 816 4352; x_wconf 86' lang='lat' dir='ltr'>habent</span> <span class='ocrx_word' id='word_1_297' title='bbox 841 4285 986 4370; x_wconf 80' lang='lat' dir='ltr'>reliquae</span> <span class='ocrx_word' id='word_1_298' title='bbox 1014 4290 1146 4378; x_wconf 87' lang='lat' dir='ltr'>satirae,</span> <span class='ocrx_word' id='word_1_299' title='bbox 1168 4315 1254 4378; x_wconf 90' lang='lat' dir='ltr'>quae</span> 
     </span>
    </p>
   </div>
   <div class='ocr_carea' id='block_1_3' title="bbox 0 0 1369 4658">
    <p class='ocr_par' dir='ltr' id='par_1_4' title="bbox 0 0 1369 4658">
     <span class='ocr_line' id='line_1_38' title="bbox 0 0 1369 4658; baseline 0 0"><span class='ocrx_word' id='word_1_300' title='bbox 0 0 1369 4658; x_wconf 95' lang='lat' dir='ltr'> </span> 
     </span>
    </p>
   </div>
  </div>
 </body>
</html>
