2722 4658
226 179 267 253 to.

186 366 318 456 (llp.11
341 368 395 452 12,
413 363 465 433 vl
486 366 721 454 &profitetur
747 369 904 452 cujusque
929 366 1051 433 mentio
1077 363 1154 431 huic
1180 365 1307 450 episto·

185 478 243 551 lae=
259 477 426 564 aptissime
447 478 549 547 inseri
570 478 688 564 potuit.
731 475 847 560 Itaque
868 475 1040 544 concidere
1061 474 1181 543 debere
1201 477 1308 543 mani·

186 590 307 663 festum
331 597 383 655 est
407 587 674 654 ratiocinationes
701 586 865 653 Dodwelli
892 586 1026 675 (Annal.
1048 585 1163 671 Quint.
1185 608 1218 671 p.
1244 587 1306 652 138

193 698 268 786 sq.)‚
301 699 419 785 quibus
452 698 568 770 statuit
593 696 753 763 rhetorem
780 695 881 760 filiam
906 718 948 762 ex
969 696 1071 763 altero
1093 697 1306 775 matrimonio

191 810 365 879 sustulisse
396 816 493 894 atque
526 807 578 874 his
610 807 707 872 etiam
734 804 936 891 temporibus
964 828 1140 893 pauperem
1168 806 1209 872 ab
1230 805 1308 882 ¹Ha·

186 919 301 989 driano
335 918 466 985 tandem
498 917 587 983 circa
617 938 691 998 ann.
716 915 777 980 118
809 925 998 982 ornamenta
1029 915 1087 982 illa
1116 915 1311 991 ,consularia

186 1029 363 1115 accepisse.
395 1025 449 1092 Ac
470 1049 510 1093 nc
531 1025 613 1093 illud
634 1025 765 1112 quidem
781 1034 905 1092 certum
927 1035 993 1110 est,
1015 1027 1093 1094 num
1114 1027 1217 1092 vitam
1237 1036 1307 1108 tem

134 1225 136 1231 Α
185 1139 285 1226 longe
306 1136 513 1224 produxerit3
534 1146 648 1204 contra
668 1135 770 1200 multo
787 1135 990 1223 probabilius
1005 1137 1136 1203 videtur
1151 1159 1228 1203 eum
1240 1139 1307 1224 jam

188 1258 257 1322 tum
276 1255 441 1313 mortuum
461 1247 581 1329 fuisse,
608 1269 708 1333 quum
727 1244 898 1313 luvenalis
927 1269 1045 1313 nomen
1072 1249 1144 1334 ejus
1166 1270 1230 1334 pro
1254 1269 1306 1314 cn·

183 1358 320 1444 juslibet
340 1357 506 1441 aduocati,
533 1357 692 1440 rhetoris,
719 1355 809 1423 docti
836 1356 901 1425 viri
926 1379 1083 1445 usurpare
1105 1359 1219 1446 coepit
1241 1358 1305 1445 (VI

188 1471 241 1554 75,
264 1469 337 1553 280,
358 1465 429 1534 VII
451 1468 539 1553 186).
582 1465 692 1553 Hujus
714 1467 762 1533 rei
784 1475 952 1535 auctorem
971 1468 1099 1554 reperio
1123 1464 1165 1535 O.
1183 1467 1227 1535 L.
1243 1469 1306 1539 Ro·

186 1579 289 1650 thium
310 1579 346 1645 in
366 1580 470 1666 praef.
491 1577 542 1668 ed.
564 1576 655 1647 Suet.
676 1600 710 1664 p.
731 1591 879 1660 nxxvss,
906 1578 963 1664 qui
985 1577 1156 1645 contendit
1177 1579 1306 1665 Quinti·

186 1691 310 1757 lienum
333 1694 401 1778 jam
427 1689 482 1756 vel
503 1687 695 1755 Domitiano
716 1689 770 1754 vel
791 1687 904 1754 Nerva
931 1689 1111 1775 imperante
1138 1689 1209 1757 fato
1230 1711 1306 1759 con·

186 1802 337 1873 cessisse.
380 1797 505 1864 Nescio
537 1797 702 1884 equidem,
730 1796 817 1865 unde
843 1798 879 1864 id
910 1807 1113 1886 compertum
1144 1800 1305 1886 proferat,

186 1909 356 1997 probabile
383 1916 504 1979 tamen,
518 1907 623 1974 habeo
645 1929 686 1974 ex
711 1906 794 1974 locis
816 1908 883 1975 illis
906 1908 1148 1994 duvenalianis,
1173 1911 1230 1978 ubi
1251 1935 1307 1984 no·

185 2043 260 2089 men
292 2018 489 2106 Quintiliani
520 2041 581 2105 pro
617 2019 780 2086 communi
806 2020 947 2106 quodam
979 2022 1128 2108 exemplo
1162 2023 1309 2110 ponitur..

185 2131 360 2199 Postremo
382 2130 456 2217 quis
484 2152 551 2196 non
577 2129 668 2196 videt
693 2137 813 2196 totum.
832 2131 990 2217 septimae
1016 2132 1134 2200 satiram
1163 2133 1309 2207 colorem

187 2250 266 2312 uta
287 2239 499 2327 sequentibus
521 2240 598 2307 inde
620 2262 641 2306 a
661 2239 800 2326 decima,
833 2263 914 2325 quas
934 2243 1004 2309 sub
1031 2241 1203 2310 Hadriano
1229 2265 1305 2311 con·

187 2352 328 2440 scriptas
350 2374 425 2418 esse
446 2352 544 2419 cortis
560 2349 692 2419 indiciis
709 2349 933 2420 demonstrare
952 2352 1045 2436 licet,
1067 2352 1164 2419 valde
1185 2353 1305 2423 discre-

186 2484 280 2549 pare,
301 2463 348 2527 ita
374 2462 416 2530 ad
444 2462 589 2529 indolem
613 2462 762 2548 priorum
783 2463 932 2550 proxime
964 2463 1119 2530 accedere
1140 2465 1201 2550 (cf.
1221 2463 1304 2532 Her·

185 2571 326 2636 mannrl.
338 2592 366 2635 c.
377 2595 411 2656 p.
423 2571 500 2657 19)?
521 2570 562 2637 In
575 2570 693 2658 quibus
705 2592 805 2655 quum
817 2571 908 2639 nulla
923 2572 1043 2640 certior
1058 2575 1218 2660 temporis
1229 2585 1303 2643 nota

186 2701 307 2753 annum
329 2679 391 2743 103
413 2678 608 2765 egrediatur,
625 2677 705 2746 haec
727 2682 837 2745 statim
852 2689 931 2768 post
951 2682 1005 2749 vel
1021 2684 1163 2752 fortasse
1185 2686 1302 2753 rectius

186 2788 302 2857 eodem
317 2796 474 2875 tempore,
491 2809 556 2873 quo
572 2771 699 2876 priores
715 2799 909 2858 retractatae
925 2801 1011 2875 eunt,
1028 2794 1160 2861 condita
1182 2798 1303 2880 quomi-

185 2922 248 2968 nus
270 2897 427 2972 habeatur
447 2898 531 2966 nihil
552 2909 619 2984 est,
641 2902 730 2985 quod
752 2901 918 2988 impediat.
956 2903 1033 2970 Huc
1050 2905 1132 2971 duee
1146 2905 1303 2995 imprimis

185 3031 304 3085 causae
325 3011 501 3095 accedunt,
522 3033 606 3098 quae
626 3034 688 3080 nos
707 3013 756 3080 sio
771 3012 813 3079 de
829 3012 1057 3081 conscribendi
1073 3022 1221 3102 tempore
1238 3039 1302 3085 mo·

186 3123 275 3191 nitos
296 3124 332 3188 in
358 3122 420 3188 hac
448 3122 609 3195 sententia
640 3124 738 3190 etiam
757 3125 869 3212 ‚magis
902 3125 1029 3192 firmare
1056 3125 1192 3198 debent,
1237 3128 1303 3196 Pri-

187 3253 276 3301 mum
297 3233 383 3296 enim
403 3233 576 3301 Juvenalis
609 3235 727 3301 satiras
756 3254 832 3300 suas
859 3234 895 3300 in
922 3257 995 3300 sum
1022 3236 1168 3305 ordinem
1197 3240 1301 3329 diges-

187 3345 272 3412 sisse
299 3341 438 3426 videtur,
470 3368 536 3431 quo
568 3366 623 3410 eas
657 3343 813 3426 absolvit,
841 3366 939 3430 quare
966 3347 1063 3414 etiam
1095 3351 1197 3417 satira
1227 3360 1303 3417 tem·

187 3479 267 3544 porc
293 3455 399 3540 prima
431 3455 613 3526 secundum,
640 3454 749 3524 locum
776 3455 902 3522 obtinet
933 3465 1011 3541 post
1041 3459 1197 3544 primam,
1219 3482 1303 3546 ,quae

187 3564 269 3640 nihil
292 3563 381 3631 aliud
395 3571 463 3645 est,
479 3564 544 3631 nisi
559 3565 735 3632 voluminis
752 3565 921 3650 praefatio.
949 3567 1077 3634 Deinde
1094 3571 1235 3656 septima
1255 3593 1301 3638 sa·

189 3677 252 3741 tira
273 3675 351 3741 novi
373 3671 499 3757 aliquid
520 3673 630 3759 affert,
651 3683 689 3740 ut
710 3675 752 3741 ad
773 3697 843 3741 eam
861 3679 928 3762 jam
946 3701 1011 3743 non
1027 3679 1202 3765 pertineat,
1217 3679 1301 3769 quod

189 3783 229 3849 de
244 3785 380 3851 mortuis
392 3791 549 3854 tantuma
560 3805 595 3850 se
610 3787 869 3876 perstringendis
880 3788 914 3852 in
928 3789 1032 3874 prima
1041 3787 1187 3873 loquitur
1196 3801 1301 3878 poeta.

188 3891 256 3958 Hic
272 3895 357 3984 enim
374 3895 440 3965 sibi
455 3917 524 3960 rem
540 3915 614 3961 cum
628 3895 792 3981 praesenti
809 3904 954 3984 tempore
965 3920 1038 3965 esse
1050 3909 1161 3984 aperte
1173 3902 1302 3969 confite·

189 4010 243 4068 tur
260 4011 393 4087 statum,
411 4005 516 4089 qualis
533 4006 567 4070 in
584 4005 668 4072 hano
684 4016 822 4074 aetatem
840 4031 857 4074 e
873 4008 983 4094 priore
994 4007 1202 4095 redundaret,
1219 4012 1301 4077 litte·

189 4133 298 4179 rarum
319 4132 465 4198 carpens.
507 4116 741 4185 Fundamentis
763 4118 864 4205 igitur
891 4117 1095 4205 superiorum
1117 4123 1299 4204 satirarum,

177 4212 444 4387 “aaut
464 4235 589 4311 partem
611 4227 679 4313 jam
705 4227 767 4295 sub
794 4228 984 4296 Domitiano
1009 4230 1096 4324 jacta
1122 4251 1196 4300 csse
1224 4231 1300 4301 vidi·
