2722 4658
183 217 202 278 6

217 381 480 502 pantomimum
520 411 739 501 poetamque
779 402 1040 476 semenstribus
1070 400 1270 495 militiolis

219 530 430 611 amitantem
462 555 579 632 genus
610 531 814 628 scripturae
851 529 1031 605 industrie
1070 527 1255 613 excoluit,

208 667 258 731 *et
287 632 409 732 tamen
441 659 625 734 benedic
651 683 698 732 na
723 656 870 732 modico
896 658 1044 754 quidem
1071 656 1255 768 auclitorio

219 785 413 884 quicquam
440 783 668 861 committere
689 796 746 861 est
766 797 893 873 ausus,
919 810 1010 858 mcx
1030 809 1159 884 magna
1184 768 1256 858 fre·

221 914 371 1014 quentia
397 922 573 1012 tantoque
600 938 771 1002 successu
786 912 840 987 bis
861 922 924 985 aut
944 923 1001 986 ter
1021 912 1165 989 auditus
1186 897 1254 996 ¹est,

222 1054 266 1117 ut
291 1063 334 1116 aa
360 1064 506 1141 quoque
533 1066 625 1139 quae
650 1040 768 1140 prima
786 1040 923 1116 fecerat
942 1039 1130 1116 inferciret
1148 1041 1257 1113 noris

220 1168 385 1268 scriptis:

175 1385 178 1392 .
297 1340 374 1402 Quot
391 1355 444 1391 uon
462 1343 526 1391 daut
542 1354 662 1405 proceres
680 1339 753 1390 dabit
770 1341 875 1391 histrio:
899 1348 927 1390 tu
945 1320 1114 1402 Camerinos.
1160 1328 1164 1333 ”
1269 1356 1272 1365 *

297 1433 331 1482 Et
348 1433 463 1494 Bareas,
480 1441 517 1482 tm
526 1434 653 1484 nobilium
670 1448 766 1497 magne
784 1435 851 1483 atria
869 1433 961 1482 curas?

296 1527 448 1580 Praefectos
465 1527 580 1591 Pelopea
596 1527 673 1590 facit,
690 1519 837 1578 Philomela
854 1528 980 1578 tribunos.

108 1663 114 1683 ²
221 1664 310 1739 Erat
335 1674 424 1738 tnnc
449 1664 486 1736 in
514 1663 655 1752 deliciis
681 1664 785 1738 aulae
802 1666 842 1762 ¹),
870 1639 1056 1776 multique
1076 1668 1259 1741 fautorum

223 1797 301 1890 ejus
329 1789 511 1889 quottidie
535 1791 870 1887 provehebantur·
902 1792 1012 1867 Venit
1038 1820 1126 1894 ergo
1146 1775 1261 1891 luye-

152 2007 158 2011 ,
222 1918 317 1993 nalis
343 1914 381 1991 in
409 1916 655 2016 suspicionem
675 1917 776 2016 quasi
803 1929 970 2018 tempora
994 1920 1113 2021 figura
1128 1894 1261 1996 'notas-

160 2110 170 2124 ,
223 2054 299 2134 set,
327 2044 520 2120 aestatim
551 2071 621 2143 per
650 2047 831 2121 honorem
864 2047 1016 2123 militiae
1042 2073 1261 2146 quamquam

225 2174 481 2276 octogenarius
514 2175 605 2247 urbe
625 2173 850 2250 *summotus
882 2188 939 2251 est
976 2177 1182 2275 missusque
1215 2179 1262 2251 ad

119 2327 124 2333 ·
222 2285 489 2401 praefecturam
515 2303 679 2377 cohortis
704 2302 743 2376 in
770 2313 974 2378 extremam
991 2304 1154 2404 Aegypti
1180 2323 1262 2402 par·

76 2407 91 2442 ‘¹
164 2434 165 2441 ’
224 2440 301 2503 tem
332 2429 531 2504 tendentis.
589 2429 633 2503 ld
665 2431 836 2529 supplicii
875 2457 994 2531 genus
1030 2431 1185 2530 placuit,
1220 2446 1263 2508 ut

223 2558 300 2633 levi
327 2571 436 2657 atqua
457 2557 615 2665 joculari
633 2557 770 2632 delicto
798 2583 864 2655 par
891 2568 999 2633 esset.
1039 2559 1177 2635 Verum
1209 2561 1263 2634 in-

184 2683 188 2687 ’
225 2696 282 2760 tra
307 2686 575 2776 brevissimum¹
590 2694 735 2782 tempus
762 2710 897 2784 angore
924 2712 966 2762 ac
991 2686 1112 2762 taedio
1139 2689 1261 2786 periit.

250 2835 452 2924 Quamquam
470 2841 537 2924 jam
559 2837 651 2902 finita
672 2837 785 2905 haberi
806 2845 917 2934 potest
934 2839 1083 2923 quaestio
1101 2823 1143 2905 rie
1166 2839 1262 2928 hujus

152 2951 238 3017 vitae
260 2950 435 3037 scriptore,
457 2950 545 3015 haud
567 2966 843 3036 supervacaneum
869 2960 976 3040 tamen
998 2950 1161 3016 videbitur
1182 2976 1264 3017 non-

150 3061 254 3143 nulla,
276 3080 359 3147 quae
380 3061 422 3126 ad
443 3080 518 3126 eam
535 3061 734 3146 pertineant„
754 3060 897 3126 breviter
913 3045 1085 3147 exponere.
1130 3060 1264 3129 Jamdiu

150 3173 236 3238 inter
258 3173 347 3238 viros
368 3171 487 3237 doctos
507 3170 664 3235 convenit
684 3168 878 3234 Suetonium
904 3193 971 3235 non
995 3194 1070 3245 xesse
1098 3196 1185 3254 eum,
1209 3176 1265 3260 qui

152 3280 288 3350 eandem
310 3281 552 3366 conscripserit.
585 3279 691 3364 Quem
707 3281 898 3366 scriptorem
916 3281 1055 3367 amplexi
1072 3294 1162 3366 sunt,
1175 3287 1264 3369 quod

152 3392 300 3480 equidem
333 3391 449 3472 sciam,
483 3384 699 3456 Oasaubonus
732 3390 774 3455 ad
800 3389 891 3458 Suet.
912 3388 990 3456 Oth.
1013 3390 1035 3456 3
1061 3392 1128 3484 (ap.
1150 3393 1264 3461 Burm.

48 3585 50 3589 ¹
151 3501 190 3569 Τ.
211 3498 263 3587 ΙΙ,
286 3520 317 3588 p.
341 3501 430 3586 164),
452 3497 629 3568 Salmasius
651 3501 685 3565 in
708 3500 852 3566 Exercit.
872 3501 957 3567 Plin.
976 3506 1089 3596 p4449
1112 3504 1264 3590 (Parisiis

118 3661 121 3667 ·
154 3615 268 3702 1629),
297 3612 507 3699 Spaldingius
533 3613 568 3676 in
595 3612 696 3697 praef.
729 3612 770 3677 ad
797 3612 911 3696 Quint.
937 3637 968 3700 p.
997 3608 1112 3677 xxxv'.
1165 3615 1266 3700 Quod·

152 3726 271 3792 falsum
303 3747 374 3813 essa
404 3726 471 3810 jam
497 3722 719 3788 Burmannum
745 3722 796 3788 ad.
819 3721 909 3790 Suet.
937 3722 1171 3810 T.11p.410
1199 3749 1265 3793 nou

154 3835 240 3923 fugit
265 3844 298 3900 et
324 3829 506 3900 Franckius
536 3834 571 3898 in
596 3833 711 3899 Eram.
734 3834 804 3898 crit.
827 3835 913 3900 vitae
936 3835 961 3901 J
963 3857 1015 3898 uu.
1039 3834 1196 3919 (Altonaa
1228 3847 1262 3902 et
1335 3914 1340 3920 .

154 3945 287 4032 Lipsiae
312 3940 407 4033 1820)
430 3969 462 4031 p.
485 3943 505 4008 9
528 3966 578 4027 sq.
599 3966 639 4009 ex
660 3953 731 4010 tota
752 3938 847 4031 hujus
870 3945 956 4011 vitae
977 3946 1102 4012 ratione
1124 3969 1265 4015 commo·

155 4089 357 4108 -nu--us-u-

76 4238 79 4261 Ι
258 4191 278 4250 ¹)
297 4166 356 4238 ilco
375 4184 437 4238 loco
457 4182 610 4238 vocabulum
632 4180 717 4237 alento
737 4161 1003 4249 exordinandam
1026 4186 1058 4238 cf.
1081 4184 1151 4239 infra
1174 4190 1264 4244 vitan
1297 4219 1303 4231 .

76 4262 118 4376 ἱ
158 4259 344 4350 anuprrh
361 4297 385 4348 p.
402 4295 447 4334 xrv
465 4296 525 4335 aun.
544 4281 584 4331 16.
878 4265 883 4272 ’
1271 4285 1275 4290 ’
