2722 4658
179 164 222 227 82

131 359 194 420 tos
215 368 288 418 esso
307 348 370 434 ait,
400 374 486 440 quos
516 355 646 441 publice
673 359 730 443 agi
762 361 869 440 ipsum
899 360 971 414 ante
996 349 1120 429 aliquot
1133 368 1250 413 annos

133 460 284 529 semisse
308 463 406 532 testis
431 472 485 532 est
510 463 636 529 Plinius
661 461 697 526 in
718 463 840 544 Paneg.
862 457 912 518 46.
955 453 1042 522 Nam
1067 455 1130 521 hcc
1153 478 1251 542 spoc-

135 568 324 642 seculorum
348 596 468 663 genus,
494 571 546 638 cui
567 586 669 633 scens
689 587 709 630 a
729 564 920 631 Domitiano
944 565 1153 632 interdictum
1173 587 1252 632 esse

111 678 239 761 ..refert
258 681 436 755 sumtu,
456 683 491 749 in
509 677 606 745 Domo
629 675 662 755 7,
681 671 794 740 Nerua
808 683 1028 742 revocaverat.
1052 671 1134 743 'Sed
1148 676 1253 742 verba

134 787 257 881 Plinii,
277 795 397 883 quibu,
418 793 499 857 hanc
513 803 586 848 -rcm
606 781 756 872 attingit,
769 783 877 871 digna
898 783 1060 869 videntur,
1077 807 1162 870 quae
1184 785 1253 851 hoc

133 900 214 971 -1000
235 904 430 984 exscribam
450 892 512 960 ”nt
531 892 605 978 quis
625 896 759 976 terror”,
780 893 901 980 inquit,
918 895 1095 963 '’valuisset
1109 896 1255 980 efficere,

108 988 113 995 Ι
132 1015 229 1101 quod
248 1006 426 1080 romantio
446 1001 496 1069 tui
515 1003 648 1070 effecit?
662 1001 823 1070 obtinuit
842 1004 960 1088 aliquis
977 1014 1015 1070 ut
1029 1005 1255 1091 spectaculum

135 1121 405 1209 pantomimorum
434 1115 577 1202 populus
603 1114 770 1181 Romanus
795 1114 869 1180 tolli
895 1124 1070 1202 pateretur,
1097 1115 1156 1182 sed
1183 1138 1256 1183 non

135 1229 293 1310 obtinuit,
324 1233 362 1291 ut
392 1226 502 1294 vellet.
544 1224 698 1312 Rogatus
730 1247 766 1294 ss
788 1233 846 1309 tu,
866 1225 962 1312 quod
987 1227 1127 1314 cogebat
1155 1226 1257 1312 alius,

109 1416 112 1425 ¹
133 1338 306 1425 coepitque
327 1358 401 1406 esse
422 1334 629 1420 beneficium,
655 1338 745 1422 quod
771 1337 951 1405 necessitas
972 1336 1089 1402 fuerat
1132 1335 1256 1423 Neque

111 1446 221 1539 ¹onim
242 1471 262 1514 a
283 1457 317 1516 tc
337 1449 461 1515 minore
482 1454 659 1532 concentu,
682 1448 872 1514 attolleres
894 1447 1130 1533 pantomimos,
1147 1471 1256 1535 quam

132 1567 357 1647 spaciatus,
382 1564 421 1622 ut
446 1559 643 1643 restitueret,
666 1566 816 1624 exactum
833 1566 896 1624 est.
936 1555 1126 1643 Utrumque
1147 1569 1256 1627 recte:

134 1693 211 1741 num
232 1679 266 1741 et
285 1667 414 1736 restitui
436 1669 623 1756 oportebat,
645 1690 730 1753 quos
752 1667 928 1737 sustulerat
948 1668 1053 1736 malm
1079 1669 1255 1758 princeps,

112 1792 170 1871 :et
188 1781 261 1851 tolli
281 1779 461 1848 restitutos.
504 1779 545 1844 In
571 1779 619 1846 eis
646 1780 748 1861 enim,
777 1799 861 1861 quae
882 1780 1017 1848 amalis
1042 1778 1126 1846 bene
1152 1781 1255 1867 fiunt,

116 1891 188 1967 rhic
211 1889 369 1958 tonantius
391 1898 443 1957 est
460 1890 596 1973 modus,
618 1896 656 1954 ut
676 1896 832 1975 appareat
848 1898 1012 1956 auctorem
1029 1890 1254 1976 displicuisse,

101 1982 103 1986 y
132 2024 200 2068 non
232 2000 364 2068 factum.
422 1999 515 2066 Idem
546 2022 626 2087 crgo
658 2001 801 2087 populus
833 1999 888 2064 ille
921 2001 1095 2086 aliquando
1129 2004 1254 2070 scenici

125 2112 340 2199 dmpcratoris
363 2119 528 2199 spectator
549 2119 583 2178 et
602 2110 747 2198 plausor,
768 2131 855 2176 nunc
879 2112 916 2177 in
937 2113 1144 2198 pantomimis
1164 2133 1250 2196 quo-

126 2243 197 2309 ¹que
213 2230 389 2291 aversatur
409 2232 441 2290 et
462 2222 593 2288 damnat
620 2222 825 2288 effeminatas
852 2229 939 2287 artes
965 2230 999 2288 et
1024 2223 1180 2289 indecora
1200 2245 1252 2290 se·

109 2332 209 2417 asculo
233 2331 350 2402 studia
393 2333 446 2400 Ex
473 2355 538 2418 quo
564 2332 772 2399 manifestum
797 2340 865 2414 est,
892 2332 1085 2419 principum>
1104 2332 1256 2421 discipli-

115 2464 347 2532 namcapere
367 2445 466 2511 etiam
485 2443 622 2532 vulgus,
644 2465 744 2528 quum
765 2464 850 2525 rem,
872 2443 902 2509 si
918 2443 958 2509 ab
975 2465 1042 2509 uno
1062 2443 1136 2527 fiat,
1159 2465 1258 2512 seve-

125 2553 296 2623 rissimam
326 2554 464 2620 fecerint
495 2575 618 2620 omncs.
674 2552 788 2618 Macte
824 2553 887 2618 hac
919 2555 1091 2641 gravitatis
1128 2554 1256 2642 gloria,

126 2656 270 2748 *Caesae
290 2683 357 2746 qua
378 2669 575 2729 consecutus
598 2683 650 2744 es,
672 2668 709 2725 ut
730 2661 817 2747 qnod
837 2670 934 2727 antea
950 2663 1001 2729 vis
1018 2677 1053 2730 et
1068 2664 1256 2751 imparium,

127 2795 221 2842 anunc
242 2796 349 2842 mores
366 2780 575 2841 vsectarentur.
619 2765 876 2859 Castigaverunt
895 2772 977 2839 vitia
998 2795 1059 2840 sua
1084 2775 1173 2862 ipsi,
1197 2779 1256 2861 qui

126 2885 290 2974 castigari
309 2883 525 2967 merebantur,
547 2880 711 2968 iidemque
727 2881 970 2966 emendatores,
984 2884 1042 2968 qui
1057 2885 1256 2954 emendandi

127 2996 277 3062 ¹'dcerunt
318 2992 433 3078 Itaque
460 3017 556 3060 nemo
583 2993 623 3059 de
650 2994 824 3060 severitate
851 3000 907 3059 tua
933 2996 1088 3079 queritur,
1117 3003 1152 3060 et
1173 2996 1257 3064 libe-

132 3127 208 3170 rum
229 3112 280 3170 est
305 3103 426 3188 queri”,
447 3111 481 3168 et
501 3126 532 3189 q.
555 3126 582 3170 s.
631 3101 700 3168 Vix
732 3125 817 3188 opus
848 3112 900 3169 est
931 3127 1073 3188 monere,
1105 3105 1256 3174 Plinium

131 3213 199 3281 ircc
218 3234 351 3300 quoqne
371 3214 457 3298 loco,
478 3224 515 3279 ut
536 3215 727 3301 saepissime
753 3215 788 3280 in
809 3214 1013 3302 Panegyrico
1042 3237 1113 3300 suo,
1138 3227 1256 3304 partes

133 3322 317 3394 laudatoris
339 3324 506 3392 ardentius
527 3335 734 3411 persecutum
755 3347 844 3409 esse,
870 3346 968 3408 quam
988 3335 1026 3392 ut
1046 3327 1158 3395 verbis
1181 3332 1256 3415 ejus

136 3436 236 3507 inn'ti
265 3434 372 3500 liceat.
415 3432 488 3501 Nec
516 3437 667 3520 cuiquam
694 3458 771 3502 sanc
798 3437 833 3502 in
867 3445 1007 3503 mentem
1037 3438 1149 3504 veniat
1184 3449 1257 3512 tan-

137 3555 172 3611 tu
227 3544 419 3611 ambitiosae
439 3545 516 3611 huic
537 3554 571 3611 et
592 3548 719 3613 fucatae
746 3545 950 3630 eloquentiae
977 3547 1104 3634 largiri,
1124 3557 1165 3614 ut
1185 3549 1257 3617 Ro·

136 3677 251 3721 manos
272 3655 331 3721 illo
352 3663 581 3742 temporetam
603 3656 812 3723 vehementer
837 3658 1055 3743 pantomimos
1080 3658 1257 3729 fastidisse

137 3764 263 3847 credat,
283 3764 372 3849 quod
393 3765 522 3851 quidem
543 3765 693 3832 ludorum
714 3788 829 3854 genus,
850 3788 916 3853 quo
941 3767 1023 3833 nulli
1044 3767 1111 3835 fere
1129 3773 1258 3838 scenici

136 3872 208 3940 ludi
223 3872 371 3944 homines
382 3882 486 3942 aetate
501 3875 730 3961 imperatorum
740 3875 845 3964 magis
861 3877 1076 3961 oblectabant,
1092 3879 1257 3965 plurimas

137 3983 318 4066 animorum
349 3985 579 4073 capiendorum
610 3986 780 4053 illecebras
812 3985 966 4054 habuisse
1003 3989 1154 4056 omnibus
1193 4017 1258 4061 no-

137 4103 207 4161 tum
229 4101 289 4161 est.
331 4094 540 4184 Quapropter
561 4097 674 4177 etiam,
696 4097 843 4183 quamvis
863 4097 971 4186 primo
993 4099 1104 4166 seculo
1120 4122 1153 4185 p.
1168 4097 1257 4170 Ohr.

137 4225 235 4290 saepe
257 4204 436 4292 sublatum,
457 4207 514 4274 diu
534 4206 570 4273 in
591 4229 688 4278 scena
703 4207 943 4294 posterioribus
959 4208 1161 4296 temporibus
1178 4213 1257 4282 illa·
