2722 4658
1152 190 1200 261 ‘tt

92 447 95 449 ,
127 386 237 451 addita
258 390 354 468 atque
377 405 417 450 ex
435 381 574 447 'arbitrio
595 379 672 444 ficta
689 397 761 446 esee
778 379 1013 467 intelligantur,
1035 390 1242 450 temerenon
1305 455 1307 460 ,

121 495 355 582 improbemus.
393 491 554 578 Operam
572 491 681 578 igitur¹
701 499 734 555 et
761 491 905 556 studium
931 513 999 557 non
1020 491 1061 558 ad
1083 495 1243 579 suspicio»
1318 516 1340 542 -’

126 586 184 672 nes
207 605 276 672 sine
299 587 399 671 causa
419 604 536 668 idoneo
553 601 753 684 movendas,
784 600 910 668 sed-ad
938 624 993 669 eas
1021 624 1091 686 res,
1119 621 1243 687 queen

117 739 206 782 ,vero
227 716 412 800 discrepare
435 737 500 778 non
512 713 703 794 uideantur,
720 704 905 798 probandas
922 715 1127 781 conferemus
1145 735 1243 800 opor-

125 838 182 893 tet.
226 831 338 911 Atque
370 824 417 888 illi
449 825 596 908 quidem,
635 822 691 908 qui
723 830 827 887 totum
844 824 993 919 exilium
1025 807 1242 912 denegarunt,

78 933 81 935 Α
124 948 189 1004 tani
217 936 373 1000 incertam
405 934 650 1021 argumentandi
682 934 768 998 viam
800 935 959 1016 inierunt,
985 935 1031 998 ut'
1048 926 1243 1005 senteutiam

119 1070 238 1113 eorum
260 1044 360 1110 verbo
382 1045 540 1131 attingere
563 1043 715 1110 sufficiat
756 1043 890 1108 Talibus
913 1045 999 1109 enirn
1021 1046 1073 1115 usi
1095 1055 1243 1112 suntan-
1292 1101 1294 1105 .

55 1135 56 1138 Ἴ
124 1156 303 1244 gamantia,
325 1165 361 1219 ut
383 1155 538 1237 fabulam,
566 1177 662 1240 quam
690 1155 864 1240 putabant,
893 1153 981 1220 exilii
1003 1156 1242 1243 Aegyptiacis

126 1267 256 1349 quintae
289 1265 429 1331 decimae
464 1265 582 1331 satirae
610 1290 641 1329 v.
664 1267 706 1329 45
734 1274 837 1333 ortam
872 1287 945 1332 esse
977 1288 1037 1349 pro
1070 1266 1269 1351 explorato¹

126 1385 297 1462 ponentes,
319 1375 372 1441 vel
394 1375 490 1460 hujus
514 1361 638 1439 satirae'
654 1398 685 1439 v.
708 1376 833 1439 44-48
858 1376 1026 1460 (Horrida
1048 1399 1124 1443 sorte
1144 1384 1241 1434 ί--ψ

122 1487 362 1569 ιαίαόαηεόὗιιε)
380 1495 543 1568 tamquam
555 1484 771 1568 *subdititios,'
793 1495 831 1550 ut
852 1486 958 1551 voluit
977 1487 1170 1572 Franckius,
1184 1511 1242 1555 -re-
1264 1471 1267 1478 Ι

120 1599 271 1682 jecerint,
295 1597 347 1662 vel
369 1603 474 1667 totam
507 1596 653 1676 satiram,
681 1595 715 1659 id
744 1596 833 1680 quod
865 1597 991 1682 primns
1019 1596 1242 1666 demonstran·

122 1706 199 1773 dum
220 1708 315 1772 irrito
338 1714 456 1770 conatu
479 1705 624 1788 suscepit
644 1705 829 1791 Kempfius,
852 1703 1012 1771 Juvenale
1034 1729 1170 1792 prorsus
1191 1711 1241 1774 in-

121 1817 255 1904 dignam
288 1824 383 1900 atque
411 1814 451 1879 ab
479 1837 517 1880 eo
546 1838 612 1880 uon
645 1817 863 1900 conscriptam
897 1837 970 1882 esse
1004 1819 1240 1885 contenderint.

122 1926 238 1993 Novas
261 1927 402 1992 rationes
424 1927 609 2010 nuperrime
630 1926 757 1992 addidit
777 1908 993 2010 Ribbeckins,
1020 1927 1132 2014 quiin
1154 1926 1240 1996 libro

105 2030 222 2123 ‘supra
244 2043 421 2102 memorato
444 2036 531 2101 ”Der
553 2035 646 2102 echte
668 2036 735 2101 und
757 2036 815 2101 der
835 2037 975 2102 unechte
993 2036 1152 2104 iuvenes
1171 2061 1241 2106 non
1280 2050 1289 2066 ⁴

117 2149 218 2226 modo
240 2146 310 2215 XV
335 2146 485 2227 satiram,
509 2144 567 2210 sed
595 2145 691 2214 etiam
712 2144 764 2229 X,
792 2144 880 2229 XII,
907 2145 1012 2228 XIII,
1034 2145 1135 2230 XIV,
1157 2169 1240 2232 quae
1301 2164 1303 2171 '

118 2282 250 2343 semper
272 2257 295 2322 J
299 2255 506 2321 uvenalianae
539 2255 668 2319 habitae
701 2264 777 2318 sunt
804 2263 850 2338 et,
875 2257 992 2341 eredo,
1025 2258 1240 2344 habebuntur,

122 2365 329 2450 improbavit.
372 2362 515 2446 Tempus
537 2382 624 2425 nunc
646 2370 709 2443 est,
734 2383 831 2445 quum
852 2365 946 2428 multi
967 2368 1149 2434 rationibus
1171 2369 1244 2433 val-

104 2476 162 2542 -de
185 2474 363 2540 temerariis
386 2473 420 2537 in
443 2480 580 2536 veteres
599 2472 777 2558 scriptores
804 2473 957 2540 invadere
985 2469 1051 2540 non
1074 2477 1239 2563 dubitent,

122 2585 216 2672 quasi
238 2584 272 2649 hi
296 2582 358 2648 soli
382 2581 462 2648 tales
496 2583 633 2666 tuerint,
661 2583 717 2668 qui
744 2583 920 2666 aliquando
954 2585 1082 2674 legibus
1104 2595 1238 2656 naturae
1279 2628 1282 2632 ·

120 2699 278 2764 humanae
305 2693 440 2759 obnoxii
466 2714 573 2757 errare
601 2691 652 2757 vel
682 2702 768 2759 certe
791 2694 897 2760 minus
920 2704 995 2781 apte
1017 2698 1238 2784 concinneque

121 2806 261 2875 scribere
284 2803 490 2891 nequiverint
504 2805 540 2888 ¹).
574 2803 626 2868 Ac
647 2805 793 2888 quintam
816 2804 973 2882 decimam
996 2808 1128 2874 satiram
1150 2799 1241 2895 equiss

221 3050 245 3110 ¹)
263 3034 371 3097 Memini
388 3046 456 3096 forte
476 3044 506 3095 0.
518 3045 562 3108 Fr.
577 3044 767 3106 Romanunm,
786 3046 868 3094 virum
886 3045 918 3094 de
936 3045 977 3095 his
995 3046 1166 3113 humanitatis
1184 3053 1237 3099 stu·

121 3145 172 3194 diis
199 3143 401 3202 meritissimum,
423 3140 482 3190 Ind.
506 3139 595 3191 Schol.
613 3137 686 3188 Gott.
708 3140 796 3203 (1847)
814 3138 879 3188 haec
903 3139 982 3190 verbe
1004 3143 1179 3205 praemisisse,
1201 3144 1236 3196 ad

120 3239 199 3286 aliam
227 3237 331 3300 quidem
358 3250 424 3294 rem,
446 3234 479 3282 ad
504 3233 608 3283 codices
634 3237 705 3281 recte
731 3233 919 3283 existimandos
946 3211 1105 3297 spatiantia,
1128 3237 1174 3289 sed
1197 3244 1236 3288 to·

119 3345 179 3380 men
200 3329 347 3396 aptissima,
371 3342 436 3391 quae
462 3328 513 3376 huc
535 3326 739 3375 transferantur:
767 3324 837 3374 ”Diu
855 3324 919 3388 cst'’,
937 3328 1032 3391 inquit,
1050 3329 1146 3394 ”quum
1165 3332 1235 3380 eriti-

120 3401 208 3472 corum
226 3421 314 3472 oribus
338 3419 370 3469 ad
394 3420 496 3469 codices
521 3420 712 3482 manuscriptos
738 3419 894 3468 translatum
923 3419 1068 3471 celebratur
1085 3422 1234 3472 Plininnum

118 3515 192 3564 illud:
211 3514 351 3581 ponderari
368 3493 488 3577 oportere
506 3511 648 3575 suffragia,
667 3527 719 3561 uon
736 3513 866 3561 numerari
885 3511 1045 3577 (ep.1112);
1063 3529 1129 3579 quae
1142 3521 1235 3572 tamen

119 3610 247 3657 sententia
266 3616 295 3656 ut
312 3622 358 3670 per
375 3620 403 3655 se
420 3605 556 3654 verissima
574 3612 627 3665 est,
646 3606 684 3655 ite
701 3605 751 3654 nisi
770 3619 835 3655 sano
854 3611 978 3671 rectoque
998 3608 1098 3672 judicio
1117 3607 1235 3658 adhibita

119 3701 197 3750 etiam
213 3691 499 3764 majus-detrimentum
516 3698 647 3748 veteribus
665 3698 834 3762 scriptoribus
852 3705 879 3748 et
896 3699 1094 3766 potestatione
1113 3708 1139 3750 et
1156 3715 1234 3766 saepe

116 3796 172 3860 jam
189 3770 282 3843 attulit.
317 3793 386 3844 Nem
405 3793 449 3856 qui
465 3798 602 3842 numerant
620 3792 737 3852 codices,
762 3806 870 3856 quorum
892 3793 1049 3841 testimoniis
1071 3794 1111 3842 uti
1131 3795 1234 3858 volunt,

118 3889 146 3936 iu
163 3885 261 3949 majore
278 3901 385 3936 numero
403 3885 535 3948 sequendo
552 3887 602 3936 hoe
621 3892 690 3934 certe
707 3885 850 3945 lucrantur,
867 3892 897 3934 ut
919 3898 994 3949 quam
1014 3883 1167 3948 praeierant
1180 3888 1232 3938 lec-

118 3981 217 4029 tionem
233 3992 287 4026 non
304 3979 474 4029 recentissimi
500 3980 623 4044 cujusque
649 3978 752 4029 librarii
777 3991 865 4028 errore
886 3983 982 4042 ortem,
1004 3978 1050 4026 sed
1074 3964 1232 4045 errantique

117 4073 190 4123 fonte
208 4078 343 4134 acceptam
368 4073 559 4136 multorumque
586 4074 716 4124 communi
742 4073 869 4136 religione
897 4076 1026 4122 servatam
1052 4085 1108 4122 esse
1134 4075 1232 4135 seiant3

119 4167 163 4229 qul
181 4173 268 4226 autem
286 4166 342 4241 solo
360 4166 474 4228 pondere
496 4172 590 4231 agunt,
610 4165 689 4216 facile
712 4181 743 4217 eo
758 4165 932 4236 ‚delabuntun
952 4169 985 4212 ut·
1004 4166 1137 4230 scriptoris
1160 4167 1231 4230 inge·
1269 4191 1273 4201 ν
1314 4185 1316 4191 ·

119 4258 188 4306 nium
207 4273 253 4310 sno
272 4257 377 4308 modulo
393 4261 535 4319 metientur
560 4266 736 4324 externasque
757 4257 819 4309 tidei
845 4271 936 4321 parum
959 4259 1068 4320 curiosi,
1091 4257 1159 4323 quod
1180 4257 1233 4308 sibi
