2722 4658
176 300 299 366 Verum
315 310 367 366 ,ut‘
380 301 419 364 ad
442 299 561 364 exitum
585 298 759 382 aliqualndo
787 303 956 386 perveniat
977 326 1029 368 res
1053 314 1085 368 et
1111 302 1190 388 quid

75 436 115 479 ex
150 413 344 476 tractatione
378 415 447 495 ejus
481 410 565 476 effici
599 413 706 495 possit
743 414 873 496 penitus
913 425 1071 497 cernatur,
1108 415 1190 477 nihil
1263 496 1264 502 ἵ

33 571 36 575 »
76 521 240 608 antiquius
263 521 453 609 habendum}
475 522 635 604 existimo,
664 538 759 607 quam
788 533 823 585 nt
850 525 882 614 in
912 548 964 605 ea,
992 548 1073 610 quae
1096 549 1115 589 a
1137 548 1191 588 ve-

75 634 198 700 teribus
221 633 439 720 grammaticis
468 644 501 697 et
529 632 715 725 scholiastis
743 635 916 699 memoriae
943 635 1071 719 prodita
1102 647 1192 717 sunt,

76 767 171 828 qnam
194 744 432 810 studiosissime
461 743 660 825 inquiramus
684 752 722 806 et
745 751 896 807 accurata
921 745 1087 830 judicandi
1116 744 1190 809 dili-

75 856 186 943 gentia
218 854 361 922 adhibita
393 875 474 937 quae
509 853 572 918 fide
607 853 767 917 donentur
805 863 954 937 oporteat
991 855 1192 941 indagemus.

76 965 144 1030 Vix
166 968 251 1031 enim
273 963 467 1049 sperandum
489 975 539 1028 est
562 952 699 1030 feliciter
721 963 804 1026 banc
831 963 1101 1048 disceptationem
1123 987 1193 1029 ces-

65 1098 197 1157 suram,
231 1076 258 1140 si
293 1096 403 1140 omnes
431 1075 516 1139 vitae
550 1076 744 1158 scriptorum
777 1073 902 1139 fabulas
933 1076 1002 1139 sine
1031 1074 1097 1138 ullo
1126 1070 1194 1140 dis-

75 1187 207 1252 crimine
240 1207 343 1268 aequa
369 1184 431 1249 fide
465 1185 580 1271 dignas
615 1184 787 1249 habeamus
816 1194 849 1249 et
882 1207 921 1249 ex
954 1187 1001 1250 eis
1036 1186 1192 1249 nonnulla

74 1296 194 1384 eligere
228 1317 390 1377 conemur,
424 1319 505 1381 quae
540 1316 612 1358 cum
647 1297 815 1380 opinione,
850 1317 944 1378 quam
980 1295 1020 1359 de
1048 1296 1120 1362 aliis
1142 1321 1194 1361 ra-

75 1406 219 1471 tionibus
247 1406 342 1474 nobis
371 1412 473 1493 antea,
498 1405 605 1470 animo
641 1406 1045 1491 informarimus,''optime
1075 1428 1194 1471 conve-

74 1519 174 1583 niant.
209 1516 281 1583 Nec
304 1516 418 1582 melius
441 1517 515 1598 liet,
536 1517 562 1581 si
586 1502 656 1579 cum
679 1513 868 1581 Hermanno
885 1517 1041 1583 faciamus
1064 1527 1096 1581 et
1119 1540 1195 1581 ean-

74 1629 146 1694 dem
169 1628 208 1694 de
231 1650 332 1712 aequa
354 1628 496 1691 omnium
519 1629 673 1709 vitarum,
697 1627 808 1710 quales
836 1650 922 1691 nunc
949 1636 1094 1710 exstant,
1118 1649 1194 1690 auc·
1280 1636 1282 1643 ⁴

74 1740 205 1804 toritate
229 1738 415 1820 opinionem
438 1735 668 1820 amplectentes
692 1758 856 1800 numerum
881 1739 984 1802 solum
1011 1760 1191 1820 sequamur.
1282 1777 1283 1787 κ

74 1845 183 1913 Valde
216 1844 538 1932 qnoqueinsidiosa
570 1844 649 1909 mihi
684 1845 810 1909 videtur
840 1848 908 1928 via,
942 1868 1036 1929 quam
1064 1847 1192 1934 ingredi

75 1969 210 2024 conatus
240 1967 289 2023 est
315 1955 530 2036 Ribbeckius,
565 1955 681 2039 quiin
715 1955 790 2019 edit.
835 1956 912 2021 Juv.
941 1981 973 2042 p.
997 1974 1050 2018 ΧΠ
1080 1982 1191 2022 omnes

74 2070 140 2134 fere
165 2070 250 2134 vita'e
274 2066 489 2146 narrationes,
512 2088 592 2150 quas
616 2065 788 2146 habemus,
817 2067 850 2129 in
880 2090 975 2132 unam
999 2079 1192 2133 connectere

75 2199 113 2242 ac
134 2179 229 2270 velut
247 2177 472 2243 consarcinare
491 2178 632 2242 animum
657 2176 796 2240 induxit.
829 2176 938 2261 Quid?
961 2178 1049 2262 quod
1072 2199 1111 2246 ne
1133 2178 1192 2239 mi-

74 2291 195 2356 nimum
218 2285 347 2372 quidem
370 2289 468 2353 habet
489 2288 746 2374 probabilitatis,
776 2289 803 2352 si
831 2310 911 2374 quae
940 2287 1082 2353 narratio
1107 2286 1192 2351 vitae

75 2400 246 2472 Juvenalis
267 2407 491 2465 consummata
512 2400 703 2493 pleniorque
732 2421 771 2462 ex
795 2401 984 2484 antiquitate
1012 2409 1193 2486 propagata

74 2512 182 2593 fuerit,
200 2533 269 2575 eam
289 2511 336 2574 sic
353 2511 447 2591 quasi
466 2510 498 2572 in
516 2504 633 2589 frusta,
651 2529 787 2590 quorum
800 2509 951 2592 qnodque
964 2511 1026 2574 sibi
1044 2512 1191 2596 integrae

5 2656 9 2665 =
74 2619 269 2685 narrationis
299 2618 522 2681 auctoritatem
551 2616 711 2698 rindicet,
739 2616 932 2684 dissiluisse.
977 2619 1064 2686 Satis
1092 2623 1192 2706 igitur

74 2731 293 2815 inopportune
316 2727 492 2808 accideret,
514 2737 550 2790 ut
573 2726 667 2792 nobis
690 2727 730 2790 de
753 2728 820 2791 vita
842 2727 1013 2794 Juvenalis
1037 2751 1191 2812 quaeren-

75 2840 161 2908 tibus
184 2832 241 2906 ¹tot
267 2842 354 2904 vitae
383 2843 451 2925 ejus
487 2837 723 2924 descriptiones
758 2861 829 2903 sese
852 2838 1067 2936 quasiduces
1095 2843 1193 2907 oster-

75 2955 160 3036 rent,
185 2954 213 3018 si
242 2952 331 3016 dubii
361 2952 493 3016 haerere
516 2972 714 3036 cogeremur,
737 2948 815 3033 quid
837 2951 870 3014 in
894 2950 941 3015 eis
964 2949 1191 3036 probaremus,

74 3063 152 3149 quid
172 3074 209 3126 ut
229 3061 292 3126 fide
316 3061 484 3147 indignum
506 3061 722 3146 rejiceremus.
761 3057 960 3125 Tunc'haud'
976 3063 1071 3126 dubie
1090 3062 1191 3126 multo

73 3172 188 3253 melius
216 3181 304 3236 esset
336 3182 459 3234 tantum
487 3166 582 3234 unius
607 3171 691 3234 vitae
715 3169 937 3234 auctoritatem
967 3172 1074 3256 sequi,
1102 3173 1189 3236 illius

73 3282 162 3363 dico,
200 3301 296 3367 quam
335 3280 437 3344 solam
476 3280 641 3365 cognitam
680 3278 792 3343 habuit
828 3279 1022 3361 Salmasius,
1070 3285 1189 3367 quippe

49 3403 155 3476 vqnae
189 3409 303 3475 sanum
336 3389 453 3473 ubique
484 3387 642 3475 judicium
674 3412 750 3473 prae
789 3391 905 3456 ceteris
939 3394 1058 3476 prodat
1091 3400 1193 3483 atque

74 3501 153 3564 nihil
185 3500 252 3565 fere
293 3499 474 3581 contineat,
507 3498 594 3581 qnod
626 3518 652 3560 ‘a
686 3499 965 3565 verisimilitudine
1004 3500 1100 3566 nimis
1134 3500 1189 3565 ab·

73 3612 212 3676 horreat.
259 3608 324 3677 Sed
347 3608 525 3672 amovenda
548 3619 597 3674 est
619 3608 699 3673 baec
722 3610 892 3676 dubitatio.
936 3610 1072 3674 Tantum
1102 3611 1186 3675 enim

72 3721 186 3794 abesse
215 3720 322 3798 credo,
351 3730 387 3785 ut
415 3720 499 3785 vitae
527 3719 612 3802 illae,
646 3730 807 3806 quotquot
833 3735 923 3802 sunt,
958 3721 1086 3785 veritati
1116 3722 1191 3786 offi-

73 3830 173 3912 ciant,
206 3840 242 3895 ut
270 3831 474 3896 occasionem
502 3833 571 3918 ejus
598 3854 656 3916 per
685 3834 958 3917 comparationem
987 3832 1188 3920 indagandae

73 3942 167 4007 valde
194 3949 379 4028 exoptatam
401 3942 586 4026 praebeant.
624 3942 692 4006 Fac
714 3943 812 4007 etiam
836 3943 891 4006 uni
911 3964 990 4027 prae
1013 3946 1130 4009 ceteris
1152 3945 1190 4005 fi-

73 4052 145 4117 dem
167 4076 232 4118 non
255 4033 458 4117 tribuendam
480 4074 567 4133 esse,
595 4075 634 4118 eo
657 4063 765 4117 tamen
788 4063 856 4118 tota
878 4060 1045 4137 postremo
1066 4051 1188 4118 redibit
1263 4106 1265 4111 .

72 4163 229 4248 quaestio,
252 4170 288 4226 ut
309 4161 396 4227 alind
419 4162 586 4250 quidpiam
608 4162 671 4227 nisi
694 4161 781 4246 quod
808 4183 849 4226 ex
871 4184 935 4226 una
956 4162 1028 4246 illa,
1056 4162 1096 4227 de
1125 4169 1191 4248 qua
