2722 4658
217 159 257 249 ιι

179 344 354 444 quidquam
366 341 459 406 edere
471 341 522 404 vel
540 340 674 404 recitare
687 336 825 402 auderet.
853 333 907 402 Sic
920 357 1045 423 qnoque
1063 329 1298 419 accipiendum

179 476 251 520 esse
274 459 408 537 apparet
428 450 509 516 illud
532 449 839 537 praesidiatorem,
866 447 943 511 licet
969 445 1062 530 valde
1084 439 1301 530 incommode

176 561 302 639 dictum
324 584 485 628 essenon
512 561 618 645 possit
644 560 770 646 negari,
800 579 897 641 quum
924 578 995 619 voe.
1019 557 1125 643 quusi,
1152 549 1300 639 proprio

181 693 277 754 sensu
310 672 469 757 positum,
504 649 638 758 nonped
664 671 722 733 diu
750 668 806 733 sed
835 667 874 731 ad
903 669 1004 732 tacuit
1030 664 1237 755 vel.potius,
1262 670 1304 734 ut

180 781 318 864 videtur,
336 782 382 846 ad
403 790 572 866 utrumque
595 779 728 845 verbnm
749 790 910 862 tamquam
932 799 1030 841 unum
1058 778 1219 855 referatur
1242 796 1304 837 ne-

181 913 272 958 cesse
295 891 348 956 sit.
373 889 519 955 ·Deinde
542 891 589 954 sic
610 892 725 976 pergit⁸
739 889 822 954 vita:
845 888 936 953 Fecit
958 887 1109 974 quondum
1123 905 1239 948 ceraue
1265 885 1333 980 ιἰιἱ

182 1001 341 1066 P‘nridem
365 1001 612 1084 pantomimum,
646 1002 703 1085 qui
729 1008 804 1063 tnnc
831 1000 984 1083 temporis
1011 996 1097 1082 opud
1118 997 1305 1085 imperat?-

181 1134 250 1176 rem
267 1111 447 1197 plurimum
462 1121 603 1195 poterat.
636 1110 710 1174 Hac
731 1111 769 1173 de
792 1131 888 1173 canan
910 1110 998 1191 venit
1014 1110 1050 1170 in
1072 1107 1306 1199 suspicionem,

152 1250 153 1257 ι
183 1205 277 1306 quasi
302 1221 398 1284 istius
426 1233 569 1306 temporo
596 1232 746 1284 motarent.
789 1220 880 1304 Quae
913 1218 1086 1283 collocatio
1120 1215 1306 1301 verborum

184 1329 225 1425 ad
247 1352 373 1395 errores
395 1331 584 1399 excitandos
612 1332 779 1415 aptissima
807 1331 883 1412 fuit,
910 1350 1007 1423 quum
1042 1329 1097 1392 vix
1124 1308 1235 1420 aliam
1255 1327 1308 1391 in·

184 1440 448 1526 terpretationem
482 1442 644 1522 admittat,
679 1442 741 1507 nisi
774 1441 1014 1525 imperatorem,
1047 1460 1111 1522 qno
1138 1447 1307 1531 regnante

185 1551 371 1637 conscripta
398 1552 442 1618 sit
470 1551 578 1617 brevis
612 1551 668 1616 illa
695 1542 906 1617 in'Paridem
940 1551 1053 1639 satira,
1076 1547 1218 1639 eundem
1241 1527 1309 1617 Ρα-

128 1640 130 1653 '
184 1660 246 1724 ridi
269 1662 333 1747 ipsi
355 1660 485 1727 exilium
512 1670 627 1747 poetae
653 1661 839 1728 indulsisse.
883 1660 948 1728 Sed
971 1681 1070 1744 quum
1096 1660 1199 1745 igitur
1222 1668 1309 1737 tem-

184 1793 266 1854 pora
293 1782 419 1857 aperte,
453 1797 518 1837 non
547 1772 678 1854 oblique
703 1771 1008 1858 perstringerentur,
1040 1770 1214 1856 quomodo·
1240 1748 1311 1863 dipi

185 1885 308 1964 potuit:
331 1885 424 1965 quasi
445 1918 486 1930 -
508 1920 548 1932 -
570 1883 729 1948 notasset?
761 1882 859 1968 Quod
881 1883 908 1948 si
936 1880 1130 1946 intellexerit
1151 1882 1309 1965 quidam,

178 1991 336 2063 ¹consulto
363 1991 501 2057 forsitan
529 2016 601 2059 voc.
629 1995 742 2078 fipnrn
770 1995 918 2060 omisisse
945 1991 1106 2078 putandus
1136 1991 1190 2057 sit.
1233 1991 1311 2070 'Sed

187 2099 240 2166 his
262 2101 359 2167 rebus
387 2103 433 2166 ita
460 2105 674 2170 consideratis
703 2105 808 2170 denuo
838 2104 878 2169 ad
906 2104 1091 2194 opinionem
1113 2084 1310 2187 invitemur,

188 2211 287 2273 vitam
308 2209 361 2275 III
384 2213 425 2276 ad
439 2213 582 2336 eundern
605 2215 728 2280 fontem
750 2213 965 2280 revocandam
987 2235 1058 2278 esse
1081 2222 1177 2295 atque
1204 2212 1327 2291 vitain,

188 2317 213 2382 Ι.
258 2319 322 2384 Tot
309 2330 374 2386 tam
395 2323 481 2394 enim
507 2347 614 2390 rernm
642 2325 907 2408 discrepantiam,
935 2345 998 2408 qna
1023 2322 1152 2388 laborat
1159 2323 1287 2426 illa,
1278 2350 1311 2420 ιιι

90 2516 93 2520 .
189 2431 335 2496 oratione
347 2433 495 2517 imperite
507 2444 583 2499 cont
585 2457 638 2499 rac
640 2445 716 2499 teet
733 2444 800 2498 mut
787 2436 879 2498 tilata
891 2434 980 2519 posit
982 2457 1032 2497 am
1048 2456 1120 2498 esse
1138 2413 1312 2535 existimo,

190 2542 278 2624 quod
299 2545 426 2621 etiam
417 2569 451 2608 ιιι
474 2567 512 2609 eo
536 2546 687 2637 cernitur,
710 2547 798 2632 qnod
821 2547 941 2609 mentio
965 2546 1082 2623 satirae
1100 2545 1133 2627 in
1150 2512 1312 2641 Paridem

190 2652 389 2743 compositae
423 2651 527 2718 alieno
560 2655 632 2719 loco
665 2657 751 2719 facta
778 2666 836 2718 est.
884 2655 1092 2743 Quapropter
1125 2676 1193 2720 non
1226 2682 1317 2761 opus

191 2782 264 2823 esse
286 2760 432 2826 duxerim
454 2784 526 2826 cum
548 2764 751 2857 Franckiol.
775 2786 802 2827 c
825 2787 856 2849 p.
882 2769 919 2829 19
943 2766 1117 2850 suspicari,
1146 2770 1314 2865 ιιοιιιιιιΙΙιι

187 2869 249 2946 ffl”de
271 2871 384 2954 primis
407 2872 577 2938 duvenalis
605 2875 784 2940 versibus
776 2899 807 2938 ιιι
832 2887 890 2939 sat.
916 2873 983 2938 VIl
1005 2883 1082 2959 pos't
1083 2897 1120 2939 ea
1141 2857 1313 2963 insertis”,

185 2989 265 3048 ,ante
288 2981 401 3046 verba:
424 2981 497 3046 Hoc
518 2984 555 3047 de
579 3004 674 3046 cauno
696 2996 728 3049 et
750 3006 781 3068 q.
805 3009 830 3050 s.
854 2984 976 3050 deesse.
1020 2983 1106 3048 Nam
1129 2985 1214 3081 haec
1240 2992 1313 3078 ipse

192 3109 244 3155 res
267 3092 319 3156 vel
341 3095 477 3158 maxime
500 3104 576 3179 apta
596 3095 672 3175 fnit,
700 3119 782 3180 quae
811 3096 1003 3171 scholiastes
1031 3096 1064 3160 in
1092 3119 1243 3187 errorem
1266 3104 1313 3186 Ιιι·

194 3200 339 3282 duceret,
363 3224 460 3285 quum
482 3228 551 3300 eam
573 3206 741 3272 nonsatis
770 3207 1011 3275 considerarent
1037 3205 1089 3271 vel
1117 3210 1312 3295 considera·

182 3321 346 3376 tamnen
369 3312 602 3415 intelligerent,
631 3316 793 3398 quomodo
822 3338 936 3379 versus
964 3315 1012 3378 illi
1035 3315 1094 3379 sub
1116 3315 1183 3381 alio
1208 3295 1314 3409 impe-

193 3431 301 3485 ratore
334 3425 511 3520 conscripti
544 3426 598 3491 alii
631 3447 758 3518 causam
792 3437 907 3511 poetae
929 3427 962 3489 in
990 3427 1120 3490 exilium
1155 3413 1312 3498 mittendi

192 3532 347 3629 praebere
375 3533 569 3617 potuissent.
611 3535 725 3619 Itaque
752 3537 799 3600 vit
801 3559 849 3629 am
870 3534 925 3599 III
930 3545 1043 3620 atque
1071 3537 1212 3628 alterum
1242 3547 1313 3631 ejus

195 3643 391 3730 exemplum,
418 3645 504 3729 quod
527 3667 576 3731 ap.
601 3641 708 3711 Crem.
730 3646 850 3733 legitur
871 3645 980 3730 (llIb
983 3649 1017 3731 .,)
1046 3670 1085 3711 ex
1114 3613 1234 3716 eodein
1258 3678 1314 3720 an·

191 3744 378 3840 ‘tiquissimo
400 3755 471 3819 font
459 3764 505 3837 te,
528 3759 619 3841 cujus
641 3757 792 3842 locuplet'
784 3758 895 3821 issima
916 3765 949 3819 et
962 3754 1121 3822 fidissima
1136 3742 1238 3829 testis
1263 3754 1314 3853 est

197 3864 317 3948 vital,
340 3890 375 3931 se
397 3863 531 3932 fluxisse
566 3867 645 3931 satis
678 3866 848 3952 perspicue
881 3865 1017 3950 prodere
1051 3846 1129 3961 mihi
1156 3879 1210 3953 est
1239 3897 1314 3965 ροι-

199 3996 337 4040 suasum.
380 3979 489 4064 Atque
523 3999 621 4040 unum
655 3977 748 4072 etiam
780 3976 953 4064 vestigium
985 3956 1232 4079 integerrimum
1267 3985 1315 4057 ibi

199 4096 308 4170 aperte
326 4087 565 4172 deprehendere
583 4085 661 4149 milri
680 4085 800 4179 videor,
817 4084 913 4179 linem
931 4084 1015 4182 dien,
1037 4086 1092 4178 qui
1109 4090 1241 4180 verbis·
1264 4099 1315 4187 itu

201 4201 306 4262 triatit
308 4199 393 4292 icet
421 4217 539 4282 copore
566 4197 672 4280 periit
704 4184 897 4289 continetur,
931 4216 1012 4278 quae
1044 4174 1175 4280 quidem
1209 4182 1316 4303 verpa
