2722 4658
1145 211 1184 279 17·

123 407 193 472 dita
219 405 354 470 Romam
382 413 477 487 atque
507 410 624 481 aetate,
659 423 755 485 quum
782 401 865 466 diem
894 425 1074 488 supremum
1102 406 1221 489 obiret,
1255 481 1256 484 Ἴ
1353 409 1354 415 ’

124 529 158 582 et
180 517 352 602 separatim
374 537 393 578 a
413 513 530 578 ueteris
552 512 636 575 vitae
659 511 836 578 rationibus
858 522 891 576 et
911 515 945 576 in
971 515 1108 582 diversis
1130 518 1222 584 libris

121 630 293 715 legeretur.
339 624 396 688 Sia
418 621 568 686 facillime
589 619 660 685 fieri
682 622 802 706 potuit,
830 632 867 686 ut
888 623 986 688 altera
1007 648 1058 691 res
1081 649 1100 689 a
1121 629 1223 715 sarip-

124 749 194 813 tore
226 739 312 802 vitae
331 734 382 816 II,
416 742 550 815 utraque
583 732 664 795 vero*
684 730 723 794 ab
751 752 799 812 eo,
814 751 816 756 ·
833 733 889 814 qui
921 735 1020 798 vitam
1041 757 1091 821 ap.
1114 731 1222 802 (iram.
1248 746 1251 752 '

124 848 336 933 conseripsit,
360 825 570 909 omitteretur.
610 839 686 906 «lam
712 865 789 906 vero
818 844 890 926 quis
912 867 977 909 non
999 847 1088 912 videt
1109 849 1222 913 verba:

122 959 251 1025 tandem
280 957 413 1020 Romam
439 974 532 1039 qaam
558 956 681 1017 reniret
707 965 737 1017 et
766 955 952 1021 Martialem
978 977 1066 1020 taam
1091 977 1155 1020 aon
1176 961 1224 1022 υἱέ

122 1071 222 1158 derat
235 1067 396 1153 posterius
418 1067 540 1130 inserta
562 1085 633 1131 esse
656 1087 674 1130 a
696 1065 850 1148 quodam,
873 1067 927 1149 qui
949 1065 1012 1132 hoo
1029 1069 1128 1158 modo
1145 1091 1223 1135 ¹voa.

121 1184 173 1245 ita
205 1161 407 1262 interpretari
438 1175 552 1256 vellet,
585 1156 687 1258 quod,
714 1185 750 1239 ut
777 1179 861 1261 nuno
888 1197 939 1260 ap.
962 1172 1069 1243 Oram.
1091 1177 1223 1267 legitur:

119 1294 232 1376 palear
254 1300 299 1353 eat
319 1289 405 1351 arba.
450 1287 504 1352 Ita
527 1287 670 1350 tristitia
693 1297 722 1348 et
743 1305 862 1370 angore
883 1287 1004 1370 periit,
1025 1310 1090 1352 non
1112 1289 1224 1372 habet,

123 1423 187 1485 quo
210 1397 375 1464 commode
397 1396 575 1462 referatur?
598 1393 688 1460 Idem
710 1396 849 1461 fortasse
872 1404 1016 1462 extrema·
1033 1397 1089 1461 illa
1109 1400 1223 1467 verba:

120 1530 204 1574 aaao
221 1510 336 1575 aetatis
353 1528 426 1572 saar
443 1509 545 1572 altaro
569 1518 598 1569 ot
615 1507 824 1589 octuagesimo
848 1505 985 1587 addidit,
1010 1527 1090 1589 quae
1116 1511 1224 1575 excisa

120 1622 196 1685 huie
222 1621 308 1685 vitae
337 1617 489 1704 eundem(
508 1615 605 1679 fidem
637 1594 780 1696 reddent,
806 1631 901 1699 quem
922 1614 1040 1688 habent
1067 1616 1171 1682 vital
1192 1630 1224 1684 et

123 1723 190 1795 vita
212 1752 263 1815 ap.
281 1713 390 1792 (iram.
406 1725 563 1808 Quamvis
584 1725 692 1811 igitur,
711 1724 849 1808 quaeda
870 1726 975 1804 reditu
997 1716 1171 1794 luvenalis
1189 1730 1224 1795 in
1265 1708 1271 1719 ¹

104 1836 258 1919 ‚vitiaH
279 1845 311 1901 et
330 1834 384 1897 III
406 1823 501 1918 atque
522 1833 561 1899 de
584 1842 686 1900 aetate
711 1835 745 1900 in
767 1835 834 1900 vita
850 1833 902 1900 ΙΠ
923 1845 1101 1919 narrantur,
1123 1837 1225 1904 aliun-

122 1948 163 2012 de
178 1967 228 2035 ¹ao
254 1956 377 2012 ceterae
403 1969 456 2011 res
484 1967 518 2011 se
550 1967 696 2011 manasse
723 1954 833 2031 aperte
859 1947 1013 2032 prodant,
1039 1946 1150 2014 eadem
1176 1957 1224 2012 ta·

121 2079 194 2121 men
215 2057 261 2121 ita
282 2079 318 2122 se
339 2047 456 2122 habere
477 2064 580 2142 patet,
608 2065 644 2119 ut
664 2064 826 2139 tamquam
847 2078 886 2120 ex
908 2053 1040 2121 arbitrio
1061 2057 1137 2121 ficta
1157 2081 1222 2122 me-

121 2147 188 2231 rito
205 2168 241 2233 in
262 2157 395 2231 dubium
416 2166 527 2231 vocari
547 2176 716 2250 nequeant.
759 2165 856 2249 Quod
878 2166 919 2230 ad
940 2174 1077 2232 aetatem
1098 2169 1223 2251 attinet,

120 2276 301 2342 Franokius
324 2277 514 2358 scriptorem
540 2275 626 2339 vitae
647 2273 701 2336 ΠΙ
720 2275 754 2336 in
777 2277 837 2337 hae
863 2298 898 2339 re
924 2275 988 2340 fide
1014 2275 1146 2360 dignum
1168 2278 1224 2343 ha·

120 2385 194 2450 buit
225 2384 283 2469 (of.
310 2405 385 2470 pag.
413 2384 452 2446 96
481 2393 513 2447 et
540 2384 580 2446 al.
607 2383 655 2468 l.),
687 2382 824 2448 reditum
855 2404 934 2447 vero
965 2383 1118 2470 opinione
1151 2406 1223 2468 sua,

121 2493 315 2561 «Iuvenalem
328 2506 512 2575 numquam
540 2493 669 2558 omnino
697 2493 859 2575 exulasse,
883 2491 998 2558 duetus
1024 2515 1090 2558 non
1115 2495 1223 2580 potuit

121 2605 241 2685 faeere,
264 2604 342 2687 quin
363 2603 448 2668 falso
471 2601 622 2668 traditum
645 2624 716 2668 esse
729 2601 956 2683 ¹,contenderet

166 2759 168 2762 -
223 2709 291 2803 Sed
312 2714 346 2777 in
368 2712 437 2778 vita
456 2711 509 2776 HI
531 2723 564 2777 et
584 2713 713 2799 gemina
734 2714 802 2796 ejus
824 2712 928 2777 forma
949 2734 999 2798 ap.
1018 2707 1127 2781 (iram.
1144 2731 1222 2800 'per-

119 2823 278 2907 quirenda
296 2823 431 2888 ulterius
453 2821 707 2910 progrediamur.
738 2820 846 2886 Nobis
862 2822 946 2897 enim
962 2823 1151 2907 persuasum
1172 2839 1222 2890 est

122 2934 157 2997 in
178 2931 229 2996 his
251 2932 375 2998 duabus
396 2930 474 2998 vitis
495 2930 640 3017 ejusdem
661 2928 871 3011 narrationis,
893 2952 973 3015 quae
995 2931 1029 2995 in
1051 2933 1117 2996 vita
1138 2931 1170 3016 I,
1192 2935 1225 3000 si.

121 3063 141 3105 a
163 3040 286 3106 verbis:
299 3060 496 3125 ,quamquam
517 3041 737 3126 oo'toqoaariaa
759 3047 792 3104 et
806 3041 898 3104 intro
914 3040 1131 3135 oratoriorum
1147 3055 1222 3128 tom
1286 3066 1289 3075 ¹

115 3173 181 3236 pao
198 3150 402 3233 discesseris,
420 3160 610 3218 conservata
626 3159 691 3235 est,
707 3149 1005 3238 vestigiaabstrusa
1021 3151 1077 3217 illa
1092 3152 1221 3239 quidem

119 3260 329 3350 etobeoura,
352 3262 410 3328 sed
432 3262 622 3348 gravissima
643 3261 799 3344 valdeque
822 3261 933 3346 digna,
956 3263 1037 3344 quae
1059 3273 1219 3348 eruantur,

123 3372 320 3456 deprehendi
350 3371 457 3438 lioere.
504 3360 593 3438 Nam
621 3373 721 3438 multa
742 3375 784 3443 ¹in
816 3372 884 3437 vita
908 3370 960 3438 111
985 3375 1219 3461 posterioribus
1279 3414 1281 3419 ,

121 3483 320 3567 temporibus
346 3491 467 3547 mutata
493 3482 663 3566 additaque
689 3505 761 3548 esse
784 3486 850 3567 jam
879 3484 1020 3549 ostendit
1039 3485 1218 3551 Franekius
1258 3490 1259 3495 ’

123 3591 144 3654 l.
168 3613 195 3657 o.
216 3615 249 3678 p.
277 3596 316 3657 15
344 3616 403 3680 sq,
436 3594 519 3657 inter
550 3613 631 3676 quae
663 3592 766 3679 primo
799 3592 873 3657 loeo
906 3595 1071 3661 observari
1103 3596 1220 3663 debent
1292 3672 1294 3680 χ

122 3702 235 3767 verba:
258 3704 450 3789 temporibus
472 3700 612 3768 Neronia
632 3703 762 3768 Claudii
782 3703 1004 3788 imperatoria,
1026 3726 1107 3788 quae
1129 3726 1219 3791 aper·

121 3821 190 3877 tum
211 3812 373 3899 glossema
393 3837 466 3881 esee
487 3814 570 3880 vidit
595 3812 633 3880 in.
655 3814 799 3902 margine
820 3811 1017 3901 adscriptum
1043 3823 1218 3901 posteaque

121 3922 156 3986 in
177 3922 354 3988 orationem
375 3925 479 3990 alieno
502 3924 574 3990 loeo
596 3933 770 4009 receptum.
812 3918 965 3990 Forsitan
986 3946 1052 3988 non
1070 3924 1113 3990 sit
1127 3947 1218 4010 prae·

121 4031 375 4116 termittendum,
396 4036 541 4118 quamvis
563 4033 648 4100 haud
673 4033 807 4098 multum
828 4035 869 4100 ad
890 4035 972 4100 hano
992 4012 1059 4099 rem¹
1080 4037 1218 4120 proban·

122 4140 197 4208 dam
217 4141 336 4224 valeat,
357 4166 454 4228 quum
476 4144 589 4212 verbat
611 4164 694 4210 aaao
717 4147 832 4209 aetatis
848 4167 922 4209 auae
938 4144 1038 4208 altero
1061 4156 1091 4210 et
1112 4130 1337 4359 autogr

120 4254 240 4337 perimo
267 4253 394 4320 aliunde
420 4255 522 4340 petita
554 4277 625 4320 esse
652 4255 870 4338 demonstrare
903 4256 1009 4319 eonati
1036 4255 1156 4333 simus,

222 4373 262 4436 (0.
281 4373 351 4439 S-g
368 4376 399 4426 V.
419 4376 503 4438 1866.)
880 4435 881 4438 ¹
1119 4371 1142 4414 ‘u
