2722 4658
211 207 249 260 ΓΛ

167 405 274 463 manu¹
287 383 460 467 ascriptam
481 382 608 448 invenit
621 383 657 468 ¹),
680 385 708 449 si
730 385 809 470 quid
830 387 998 469 momenti,
1027 387 1116 470 quod
1137 387 1192 452 vix
1216 410 1290 452 cre·

167 481 235 574 d0,''
244 491 302 555 tali
324 492 369 556 rei
391 492 600 557 tribuendum
622 495 679 576 sit,
707 495 848 580 quodam
874 496 971 579 modo
999 519 1058 582 pro
1082 497 1203 562 indicio
1228 497 1290 561 ha-

149 578 237 665 ,beri
259 610 382 686 potest,
406 603 541 667 eandem
564 603 692 669 aliunde
713 606 861 670 haustam
883 605 977 692 hujus
995 607 1117 671 codicis
1135 607 1288 688 scholiis,

168 732 251 793 quae
278 713 408 797 quidem
430 714 462 776 in
485 707 745 800 vita'Juvenalis
769 716 947 781 enarranda
969 717 1062 781 valde
1081 719 1147 781 sint
1161 719 1288 801 inepta,

166 823 269 886 multo
295 845 369 887 esse
397 823 626 907 antiquiorem·
669 824 733 892 Sed
760 826 967 908 potissimum
989 828 1030 891 ob
1059 851 1131 891 eam
1152 848 1289 892 causam

170 931 251 997 hanc
275 934 375 997 vitam
397 933 481 995 inter
495 918 626 1000 ceteras
649 932 906 1019 antiquissimam
928 958 1001 1000 esse
1024 938 1106 1020 dixi,
1129 938 1288 1027 quoniam

167 1044 308 1129 vestigia
335 1043 455 1106 veteris
483 1047 677 1110 narrationis
706 1046 785 1110 satis
814 1047 900 1110 clara
926 1057 959 1111 et
986 1046 1140 1111 distincta
1167 1046 1212 1111 ibi
1235 1070 1290 1112 re-

166 1152 327 1218 mansisse
355 1152 515 1234 videntur,
549 1175 644 1238 quam
671 1177 739 1220 rem
767 1157 819 1220 vel
845 1156 1042 1221 maxime-id
1070 1157 1288 1241 comprobare

167 1259 259 1347 puto,
293 1263 380 1346 quod
408 1264 528 1328 nullam
556 1266 788 1331 accuratiorem
821 1269 976 1351 temporis
1012 1267 1314 1354 significationem·

167 1373 292 1457 profert
313 1395 415 1461 neque
443 1375 640 1441 mentionem
666 1377 745 1441 facit
773 1380 1007 1467 imperatoris,
1023 1378 1083 1443 sub
1106 1400 1170 1463 quo
1193 1380 1289 1442 vixe-

167 1484 216 1549 rit¹
232 1483 326 1549 Paris
348 1487 567 1569 pantomimus
591 1496 623 1552 et
646 1510 664 1551 a
685 1509 750 1573 quo
771 1490 806 1553 in
823 1489 955 1552 exilium
972 1491 1093 1584 ejectus
1116 1489 1160 1552 sit
1174 1497 1289 1572 poeta.

166 1592 252 1658 Nam
280 1594 308 1659 si
336 1595 414 1680 quid
447 1597 527 1661 certi
554 1596 594 1660 de
622 1597 673 1662 his
701 1597 798 1663 rebus
831 1596 995 1684 proditum
1031 1599 1161 1680 fuisset,
1195 1600 1291 1664 nulla

163 1709 253 1791 justa
275 1690 455 1791 excogitari
482 1713 733 1790 potest'causa,
761 1729 861 1790 quare
888 1710 961 1793 ipsa
987 1709 1043 1772 illa
1070 1709 1202 1773 nomina
1230 1710 1290 1774 hio

167 1818 288 1882 omissa
310 1816 390 1896 sint,
414 1814 557 1898 reliquae
579 1839 656 1880 vero
685 1818 718 1881 iu
746 1819 793 1882 eis
820 1820 1057 1884 constituendis
1080 1829 1172 1884 tanta
1193 1820 1291 1886 labo·
1340 1886 1344 1895 ,

166 1935 239 1991 rent
260 1927 487 2001 inconstantia.
532 1925 647 2010 Itaque
669 1949 823 2013 perquam
856 1929 1024 2014 probabile
1057 1929 1185 1994 videtur
1216 1953 1288 1997 nou

167 2037 270 2124 magis
293 2037 333 2102 de
356 2038 408 2102 his
431 2037 631 2119 nominibus,
653 2060 748 2122 quam
762 2037 810 2103 de
833 2039 897 2103 alia
919 2048 1008 2104 certa
1029 2050 1212 2125 temporum
1230 2043 1290 2109 de·

165 2149 314 2214 finitione
337 2149 513 2231 quidquam
537 2146 643 2233 planis
665 2149 776 2214 verbis
793 2149 997 2237 designatum
1021 2151 1173 2218 habuisse
1197 2163 1290 2219 vete-

166 2283 219 2324 res
248 2260 508 2345 commentarios,
543 2280 625 2342 quos
652 2283 713 2346 pro
741 2260 886 2325 fontibus
915 2260 1112 2327 adhibebant
1141 2263 1290 2330 vitarum

167 2371 354 2456 scriptores.
397 2368 470 2434 Nec
497 2370 604 2436 minus
632 2371 760 2453 ordine,
788 2378 824 2435 ut
852 2373 1054 2456 supradixi,
1082 2358 1289 2459 singularum

166 2504 273 2547 rerum
296 2483 517 2566 expositarum
538 2503 616 2565 prae
639 2483 755 2545 ceteris
779 2483 897 2551 eminet
919 2483 998 2546 haec
1014 2484 1097 2564 vita,
1119 2494 1156 2548 ut
1177 2485 1289 2569 primo

167 2592 281 2656 saltem'
310 2574 444 2675 aspectu
473 2589 552 2654 nihil
582 2593 648 2655 sere
676 2590 939 2685 reprehensione¹
957 2592 1092 2679 dignum
1123 2596 1288 2662 invenias.

166 2701 244 2766 Una
266 2700 336 2764 sola
363 2723 414 2765 res
442 2701 590 2784 profecto
619 2700 693 2764 talis
727 2710 793 2782 est,
827 2711 863 2766 ut
889 2718 961 2766 non=
986 2705 1150 2788 possimus
1179 2729 1232 2787 ea,
1259 2710 1290 2775 si

167 2812 355 2899 diligentius
379 2818 556 2896 reputatur,
585 2834 650 2876 non
678 2810 812 2876 offendi.
856 2811 1005 2898 Namque
1033 2837 1147 2899 parum
1170 2818 1291 2882 verisi-

166 2923 357 2989 militudinis
380 2923 499 2987 habere
517 2923 744 3004 narrationem,
767 2947 830 3009 qua
851 2924 930 2988 urbe
953 2926 1108 3009 expulsus
1132 2935 1227 3010 atque
1252 2930 1290 2994 in

164 3037 381 3102 remotissima
399 3034 487 3100 orbis
504 3041 596 3119 parte
615 3034 771 3100 militibus
789 3033 972 3118 praefectus
989 3058 1060 3101 esse
1079 3044 1176 3121 poeta
1193 3048 1290 3105 octo·

166 3148 318 3233 genarius
345 3147 492 3226 traditur,
520 3144 614 3209 multi
642 3147 709 3228 jam
736 3143 896 3210 dixerunt.
940 3143 1024 3209 Mihi
1053 3168 1182 3231 quoque
1210 3131 1294 3233 per-⁸

166 3279 297 3322 suasum
324 3265 374 3320 est
406 3256 504 3320 verba
531 3256 603 3321 illa:
637 3276 826 3339 quamquam
854 3258 1078 3340 octopeouriua
1096 3236 1139 3321 ¹et
1172 3280 1289 3325 oerum

165 3369 258 3432 iutra
286 3366 508 3431 breuissimum
521 3378 655 3451 ‘tempus
678 3390 697 3430 a
724 3369 883 3452 scriptore
911 3389 971 3451 pro
1000 3368 1067 3432 suis
1101 3370 1205 3453 ipsius
1233 3395 1289 3436 ra-

165 3479 309 3544 tiociniis
344 3488 462 3542 temere
495 3480 603 3562 posita
630 3499 718 3557 esse,
747 3479 835 3561 quod
863 3501 903 3542 ex
930 3480 1288 3548 ceterarumvitarum

166 3589 418 3676 comparatione,
452 3587 491 3651 ad
519 3610 613 3672 quam
640 3610 726 3653 nuno
744 3609 805 3653 ‘res
834 3589 907 3674 ipsa
934 3612 994 3655 nos
1027 3589 1173 3670 deducit,
1201 3595 1286 3659 satis

126 3745 131 3763 .
165 3702 266 3781 clare,
289 3703 323 3765 ni
345 3721 395 3763 me
419 3699 526 3764 omnia
547 3698 677 3779 fallunt,
700 3698 906 3784 intelligetur.

268 3987 289 4045 ¹)
309 3987 395 4035 Verba
420 3986 523 4036 Pithoei
547 3986 611 4034 haec
638 3993 709 4036 sunt:
738 3984 890 4036 ’'Juvenalis
917 3988 984 4046 vita,
1012 4001 1076 4049 quae
1104 3989 1285 4050 praeponitur,

166 4096 217 4130 non
240 4088 291 4140 est,
315 4081 415 4140 opinor,
443 4081 559 4143 ejusdem
587 4079 744 4142 interpretis.
785 4078 819 4126 Et
841 4093 901 4128 vero
920 4081 947 4128 in
966 4080 1070 4142 optimis
1095 4079 1229 4129 codicibus
1248 4086 1284 4134 ad

71 4162 242 4360 “zum
268 4174 401 4236 adscripta
432 4173 481 4221 fuit
512 4173 656 4221 recentiore
687 4186 765 4220 manu
792 4179 818 4220 et
843 4173 869 4221 in
896 4173 1025 4235 plerisque
1053 4173 1111 4222 aliis
1138 4179 1287 4236 separatim

161 4274 164 4279 '
210 4265 274 4317 rat.”
793 4282 795 4285 ’

1237 4389 1244 4421 l
