2722 4658
151 286 154 290 ¹
226 195 270 260 40

187 407 260 454 esse
282 382 476 470 planissime.
493 381 693 468 comprobet.
726 380 812 446 Nam
834 377 1097 465 quandoquidem
1120 378 1160 443 in
1177 374 1323 443 dubium·

187 495 300 562 vocari
320 517 386 561 non
407 494 515 581 possit
536 491 735 560 'Juvenalem
761 492 796 556 in
823 490 995 556 Britannia
1020 487 1191 554 militibus
1222 510 1317 575 pruc-

187 605 306 688 fuisse,
328 627 394 671 non
415 604 523 671 minus
545 625 657 668 verum
685 624 774 682 esse,
802 600 889 686 quod
918 599 1032 665 eodem
1059 598 1138 683 ipso
1166 598 1253 664 loco
1278 598 1316 665 dc

187 716 397 802 imperatore,
419 738 438 780 a
460 736 525 799 quo
558 712 720 800 relegatus
756 713 814 794 ait,
848 710 1001 775 traditum
1032 691 1203 773 invenias.
1249 708 1323 775 Au·-

188 806 260 892 dio':
288 847 348 891 nec
375 825 552 910 quidquam
579 822 657 887 mihi
686 821 904 908 opportunius
931 820 1061 886 evenire
1086 819 1243 904 poterit,
1263 820 1315 907 qui

134 977 138 988 ·
187 937 222 1001 in
244 958 283 1002 eo
306 944 486 1021 occupatus
519 933 595 1018 sim,
623 943 659 999 ut
686 934 818 1000 exilium
845 932 886 997 ad
909 929 1083 1018 Trajanum
1115 938 1218 997 recte
1247 940 1318 999 aaut

186 1045 391 1112 referendum
412 1044 639 1112 demonstrem.
690 1046 743 1110 Ac
770 1043 799 1108 si
824 1045 870 1109 ita
896 1042 1083 1123 statuimus,
1111 1040 1230 1108 uobis·
1243 1060 1316 1109 cou-

187 1158 322 1223 tendere
348 1175 482 1222 necesse
509 1157 584 1238 erit,
611 1156 692 1221 duas
721 1155 911 1241 praecipuas
939 1151 1093 1218 narrandi
1121 1151 1269 1219 formas
1280 1174 1315 1218 ax

188 1265 383 1348 antiquitate
404 1275 602 1353 propagatas
625 1288 713 1350 esse,
736 1288 817 1351 quae
839 1265 873 1328 in
896 1263 1029 1330 summis
1047 1283 1163 1328 rerum
1184 1262 1318 1368 trudeu-

188 1376 241 1442 dis
264 1375 349 1441 inter
370 1397 406 1441 se
428 1378 651 1460 consentiant,
674 1376 707 1441 in
729 1376 819 1442 exilii
840 1398 919 1441 vero
937 1374 1012 1440 loco
1030 1381 1062 1438 ct
1078 1379 1227 1439 auctore
1244 1350 1318 1439 con·

106 1558 110 1568 ,
189 1485 363 1554 stituendis
385 1487 588 1573 discrepent·
616 1488 765 1570 alteram,
793 1487 867 1554 loco
890 1485 979 1551 exilii
1000 1483 1166 1569 Aegypto
1189 1484 1317 1570 reposi-

187 1606 235 1680 to,
253 1596 380 1671 ¹nullum
402 1598 629 1684 imperatorem
652 1600 742 1666 exilii
771 1606 934 1663 auctorem
961 1594 1149 1683 nominare,
1179 1594 1317 1661 alteram

188 1704 383 1773 «Iuvenalem
406 1731 425 1773 a
446 1707 585 1796 Trojano
613 1712 648 1775 in
670 1710 875 1774 Britanniam
907 1707 1043 1771 missum
1075 1725 1157 1769 esse
1193 1701 1318 1773 diserto

186 1816 336 1901 prodere.
382 1816 510 1901 Quibus
543 1819 639 1897 rebus
668 1820 715 1884 sio
747 1821 832 1883 inter
859 1841 894 1884 se
928 1812 1122 1901 compositis
1147 1815 1318 1900 quaestio·

125 1927 127 1930 ’
187 1946 263 1995 nem
289 1934 434 1992 nostram
468 1927 604 1993 eundem
631 1929 697 1994 fere
732 1929 853 1993 exitum
885 1927 1068 1992 habituram
1096 1934 1216 2011 patet.-
1257 1922 1325 1997 Sed

187 2034 268 2100 mihi
295 2058 377 2119 rem,
411 2059 506 2122 quam
538 2038 602 2103 hoc
633 2038 730 2105 modo
763 2037 916 2125 expedire
948 2037 1053 2133 primo
1086 2036 1317 2120 institueram,

187 2145 376 2232 diligentius
411 2148 631 2214 consideranti
658 2148 776 2214 duae
767 2149 925 2235 imprimis
953 2168 1070 2212 causac
1092 2131 1166 2213 tali
1196 2148 1323 2215 discer-

186 2256 286 2322 nendi
308 2257 427 2340 rationi
455 2258 586 2325 obstare
618 2260 821 2326 videbantur.
870 2259 987 2324 Altera
1013 2256 1090 2321 inda
1120 2256 1237 2326 ducta
1257 2266 1318 2341 aa,

186 2368 276 2454 quod
309 2369 434 2437 nullum
466 2371 674 2458 imperatoris
701 2395 820 2439 nomen
847 2372 882 2437 iu
910 2371 979 2437 vita
1000 2367 1094 2433 VIe
1122 2356 1326 2441 eodilane.

186 2476 294 2544 leiano
317 2482 488 2566 reperitur,
511 2505 607 2566 quam
631 2482 672 2546 ob
694 2504 761 2547 rem
783 2481 885 2567 tutius
908 2501 981 2546 esse
1003 2479 1159 2546 duxerim
1185 2484 1327 2551 conclu.

117 2653 120 2659 ,
186 2586 264 2652 ders
286 2612 405 2654 nomen
427 2612 555 2675 quoque
577 2589 709 2672 Trajani
731 2598 847 2675 postea
874 2589 1018 2654 additum
1045 2609 1122 2655 esse
1144 2601 1187 2659 et
1211 2596 1259 2663 in·
1272 2582 1327 2663 itis·

73 4134 162 4386 ι

187 2694 266 2760 vitis
289 2704 321 2759 et
342 2697 377 2760 in
400 2698 534 2764 scholiis
558 2698 598 2763 ad
617 2708 676 2764 sat.
689 2697 773 2780 VII,
791 2700 937 2782 quamvis
958 2699 1088 2783 quidem
1105 2708 1330 2790 respondcre

186 2825 361 2888 nequeam,
385 2829 449 2890 quo
472 2828 551 2875 casu
578 2808 698 2873 sautum
726 2810 784 2890 sit,
811 2819 848 2874 ut
876 2809 1006 2877 exilium
1035 2807 1219 2883 Scoticum
1250 2810 1321 2883 cnm

185 2913 251 2980 hoc
273 2916 344 2981 solo
373 2918 502 2983 nomine
528 2919 563 2983 in
588 2927 679 2984 tanta
705 2929 884 2986 ceterarum
917 2921 1057 2986 vitarum
1084 2918 1326 3011 discrepantis-

187 3019 449 3114 oo‘njungeretur.
492 3029 637 3111 Deinde,
666 3030 754 3113 quod
780 3031 821 3096 ad
843 3032 947 3117 ipsam
970 3032 1087 3095 attinet
1110 3038 1320 3121 orationem,

186 3128 328 3225 'vestigia
350 3139 507 3223 quaedam
529 3141 747 3226 antiquissimi
769 3140 850 3204 sont
828 3151 870 3205 trs
894 3151 959 3205 tam
986 3142 1203 3207 manifesta
1192 3170 1232 3212 in
1253 3151 1320 3215 viu

187 3244 241 3311 VI
262 3246 504 3331 deprehendere
526 3250 606 3315 mihi
629 3248 742 3314 videor
756 3251 842 3334 ¹),u
823 3250 1059 3333 utquamlibet
1086 3252 1192 3320 aliam
1218 3259 1319 3347 origi·

187 3379 262 3423 nem
290 3358 320 3421 ei
347 3336 510 3422 vindicare
543 3358 693 3443 equidem
726 3384 792 3425 non
825 3355 969 3424 audeam.
1014 3360 1095 3427 R-est
1082 3370 1132 3427 tat
1161 3367 1256 3485 jam,
1283 3374 1325 3434 nt·

186 3448 332 3535 breviter
353 3469 547 3533 sententiam
568 3492 671 3535 meam
694 3470 734 3534 dc
758 3471 826 3534 vita
849 3467 919 3536 VII
940 3472 1117 3556 proferam,
1142 3472 1251 3560 quam'
1269 3479 1315 3545 ui·

186 3579 235 3646 hil
267 3579 356 3645 aliud
389 3601 462 3644 osse
492 3580 612 3665 judico,
646 3580 711 3645 nisi
743 3581 884 3665 priorem
916 3575 1047 3666 paulum
1084 3594 1253 3654 mutatam
1284 3597 1325 3654 et

188 3697 402 3769 contractam,
425 3687 513 3773 quod
537 3711 601 3752 non
628 3690 733 3757 solum
760 3714 876 3756 nomon
900 3690 1029 3776 Trajani
1058 3693 1091 3756 in
1120 3717 1162 3761 ca
1186 3699 1312 3767 exhibi-

190 3808 275 3882 tum,
309 3799 367 3865 sed
395 3799 492 3864 etiam
525 3807 640 3864 totum.
659 3790 791 3866 dicendi
816 3823 919 3889 genus
950 3802 1045 3867 valde
1066 3805 1261 3891 neglectum
1282 3818 1312 3878 et

291 4062 312 4122 ¹)
330 4063 362 4111 Id
385 4067 407 4113 si
435 4065 592 4125 conceditur,
616 4043 796 4117 obseriatione
820 4068 870 4117 hoc
889 4069 995 4134 dignum
1019 4076 1071 4130 est,
1093 4055 1166 4135 quod
1191 4076 1267 4125 utilia
1282 4077 1307 4126 in

184 4155 239 4205 hac
254 4157 311 4205 rita
327 4164 420 4220 poetae
438 4160 599 4224 octogenarii
618 4163 714 4210 mentio
732 4161 774 4220 fit,
792 4162 859 4210 unde
874 4171 934 4224 apto
955 4161 1100 4213 confirmari
1115 4174 1190 4229 patet
1205 4170 1307 4234 conjec-

190 4254 277 4301 turam
291 4264 375 4300 meam
380 4285 388 4312 ,
398 4250 465 4302 hanc
475 4255 568 4303 aetatis
579 4253 794 4319 significationem
804 4257 949 4313 ratiociniis
959 4234 1093 4320 scriptoris
1104 4260 1175 4313 vitae
1183 4261 1199 4311 1
1208 4262 1305 4315 debari.
