2722 4658
234 196 237 203 ·
249 168 288 229 tlt

207 377 259 421 ma
286 353 379 420 nobie
407 353 540 437 oblatap
564 373 658 438 quam
685 363 879 438 postremam
906 374 993 423 nunu
1019 354 1217 443 prolaturus
1248 378 1323 427 sum.

208 466 352 532 Alteram
383 465 494 552 paullo
526 465 706 530 uberiorem
728 488 746 530 e
773 465 846 530 eod.
868 466 1048 533 Bodleiano
1075 456 1269 554 descripsit
1285 469 1322 536 Ο.

207 575 401 657 Muellerum
421 585 529 642 exstat
544 576 641 641 etiam
662 576 696 640 in
719 576 792 640 cod.
810 574 1048 645 Mediolanensi
1069 579 1251 644 112-453
1273 582 1323 669 (cl.

205 687 340 772 Ruperti
356 683 394 752 T.
406 688 423 751 Ι
433 710 464 773 p.
478 702 593 751 cxvrn
609 710 640 750 n.
653 687 724 773 24>3
741 687 872 750 alteram
885 687 1065 777 breviorem
1083 711 1100 751 e
1119 689 1201 754 cod.
1215 688 1322 757 Omni·

189 797 281 862 boni
304 797 534 865 emonasterio
553 795 662 864 Sancti
672 796 851 866 Salvatoris
864 798 903 861 de
919 796 1071 863 Bononia
1087 819 1119 862 n.
1140 799 1321 867 114-402

205 906 306 972 edidit
339 905 550 970 Aobaintrius
579 906 635 992 (cf.
662 906 800 991 Ruperti
826 906 847 970 l.
874 927 904 972 c.
930 929 963 991 p.
990 923 1080 972 cxlx
1109 930 1143 973 n.
1174 909 1252 992 30);
1283 911 1318 998 (r.

204 1017 302 1083 Jahn.
326 1015 376 1080 ed.
399 1014 477 1081 Juv.
498 1035 529 1099 p.
553 1014 625 1095 388,
647 1015 718 1100 89):

204 1154 264 1232 Vl.
307 1155 398 1230 Cum
431 1179 479 1228 ex
509 1153 655 1253 Aquino
694 1154 894 1253 municipio
927 1153 1079 1231 Romam
1114 1183 1158 1233 se
1197 1166 1318 1238 contu·

280 1280 386 1357 lisset
408 1291 446 1357 et
472 1281 517 1356 ad
551 1278 764 1382 dignitatem
798 1280 978 1379 equestris
1011 1282 1154 1360 ordinis
1191 1312 1317 1386 perve

277 1414 357 1486 nire
383 1437 449 1486 sua
476 1411 614 1484 virtute
646 1408 859 1495 meruisset,
892 1411 937 1484 ad
971 1411 1127 1485 mediam
1157 1417 1317 1495 fereae

277 1550 389 1614 tatem
427 1537 649 1614 declamavit
663 1517 717 1612 *et
747 1538 785 1612 in
817 1536 987 1614 Paridem
1025 1544 1316 1647 pantomimum,

277 1669 339 1768 qui
359 1669 398 1742 in
418 1665 559 1741 deliciis
580 1666 677 1763 apud
697 1666 957 1763 imperatorem
976 1667 1199 1759 habebatur,
1217 1652 1317 1773 quae

163 1823 165 1829 ’
277 1797 359 1868 dam
386 1792 544 1867 earmina
569 1790 675 1878 fecit,
703 1815 795 1888 quae
822 1793 955 1869 deinde
980 1794 1141 1870 inseruit
1170 1799 1218 1874 in
1248 1827 1315 1877 eam

276 1931 451 2022 satyramz
477 1921 539 1995 ”et
562 1943 647 2015 spes
673 1929 711 1994 et
735 1919 861 1993 ratio.”
909 1920 1005 1995 Sunt
1029 1931 1153 1998 autem
1187 1913 1296 2007 haee:

351 2065 496 2131 Quodnon
514 2066 578 2116 dant
595 2080 728 2129 proceres,
746 2065 818 2115 dabit
834 2066 940 2116 histrio:
958 2075 987 2116 tu
1004 2065 1165 2120 Camerinos

348 2161 383 2210 Et
399 2159 510 2222 Bareas,
529 2167 556 2209 tu
573 2159 697 2209 nobilium
714 2173 810 2224 magna
827 2161 895 2210 atria
912 2160 1004 2208 curas?

348 2254 500 2306 Praefectos
517 2253 630 2318 Pelopea
647 2253 721 2317 lacit,
739 2252 887 2306 Philomela
903 2256 1029 2305 tribunos.

272 2366 371 2460 Quae
397 2390 479 2442 cum
505 2366 550 2439 ad
577 2390 682 2440 aures
713 2366 862 2463 tyranni
893 2363 1099 2454 venissent,
1136 2373 1204 2446 sui
1234 2383 1315 2450 tem

172 2543 176 2550 -
272 2497 374 2592 poris
400 2494 489 2568 vitia
514 2492 614 2591 carpi
640 2493 839 2574 intellexit.
892 2492 971 2584 Qua
997 2519 1046 2568 ex
1078 2519 1120 2568 re
1150 2522 1315 2576 commo

275 2632 351 2704 tus,
378 2619 480 2695 nulla
505 2619 576 2692 alia
601 2618 792 2693 occasione
817 2630 964 2717 reperta
989 2624 1195 2702 struendae
1224 2655 1314 2704 mor·

272 2748 319 2821 tis
352 2745 389 2820 in
421 2745 658 2833 iuvenalem,
698 2747 765 2819 sub
798 2745 951 2820 honoris
989 2726 1314 2847 praetextatam

271 2899 352 2951 eum
372 2873 595 2973 praefectum
613 2873 641 2973 ¹)
667 2873 794 2949 militis
820 2875 947 2951 contra
967 2872 1116 2967 Scotos‚
1140 2883 1214 2978 qui
1229 2883 1313 2959 bel·

177 2976 181 2990 Ι
268 3006 344 3079 lum
372 3012 499 3078 eontra
522 3002 706 3079 Romanos
732 3014 941 3090 moverant,
974 3012 1016 3076 ut
1046 2997 1096 3078 ibi
1123 3006 1311 3095 interfice.

268 3141 371 3205 retur
407 3129 609 3204 luvenalis.
680 3128 755 3202 Sed
794 3138 914 3203 tamen
953 3131 1078 3229 paullo
1118 3123 1233 3231 poet,
1272 3146 1310 3212 ut

156 3255 160 3261 ’
267 3256 377 3332 sciret
401 3255 469 3331 sibi
495 3256 625 3331 iratum
646 3254 867 3354 prinoipem,
897 3256 935 3331 in
956 3257 1137 3333 codicillis
1159 3265 1242 3340 suis
1266 3264 1307 3338 ad
1349 3230 1351 3245 Ι

267 3409 349 3460 eum
363 3383 399 3456 in
413 3383 577 3458 exercitu
588 3382 778 3458 mittendis
789 3382 960 3458 inseruitr
974 3385 1035 3461 ’'et
1045 3385 1308 3469 tePbilomela

265 3508 487 3609 promovit.’'
505 3509 585 3601 Quo
600 3509 769 3585 ellectum
783 3520 850 3596 est,
863 3521 905 3585 ut
915 3513 994 3611 ipse
1006 3511 1127 3586 animo
1140 3528 1306 3595 conster-
1329 3547 1335 3569 ι

264 3647 372 3712 natus
399 3662 448 3712 ex
473 3636 606 3712 mentis
633 3638 858 3737 aegritudine
884 3640 981 3715 diem
1013 3625 1121 3715 suurn
1155 3645 1303 3720 obierit

189 3804 269 3883 Vll.
309 3806 402 3885 Cum
435 3833 484 3882 ex
509 3806 656 3906 Aquino
689 3807 887 3907 municipio
912 3809 1065 3901 Romam
1098 3790 1149 3901 se'
1174 3825 1304 3890 contu.

217 3935 368 4033 iisset
393 3946 432 4012 et
457 3935 622 4012 venisset
647 3961 713 4010 sua
744 3937 884 4012 virtute
916 3937 961 4011 ad
993 3938 1176 4034 equestris
1204 3943 1303 4017 ordi·

241 4156 311 4233 ᾖ)
321 4155 464 4210 Tribunum
489 4149 568 4208 habet
585 4159 642 4219 cod
659 4159 730 4209 Med
749 4165 814 4207 teste
836 4155 1008 4231 Franckiop.
1026 4155 1072 4219 26,
1098 4161 1145 4210 sed
1173 4163 1243 4216 nihil
1270 4162 1300 4267 de

253 4264 311 4305 voe
327 4260 481 4304 macutum
498 4253 597 4317 reperio
615 4253 643 4345 in
660 4254 720 4304 lect.
740 4267 793 4301 rar.
812 4264 852 4315 ap.
870 4249 950 4301 Jahn.
1097 4252 1100 4257 '
1170 4257 1175 4265 ·

575 4569 583 4579 .
662 4430 704 4596 Ι
