2722 4658
157 183 197 255 76.

116 371 196 458 (Ep.
211 368 249 436 ΙΙ
272 369 326 454 12,
343 365 396 435 VI
416 370 467 455 6),
479 368 652 456 profitetur
678 371 835 455 cujusque
860 367 981 434 mentio
1008 364 1084 432 huic
1110 367 1235 451 episto·

115 480 168 547 lae
189 479 356 566 aptissime
378 480 480 549 inseri
500 480 619 566 potuit.
661 477 778 561 Itaque
798 476 971 545 concidere
992 476 1111 544 debere
1132 478 1235 543 maai·

116 591 238 658 festum
262 599 314 656 est
338 588 604 656 ratiocinationes
630 588 796 654 Dodwelli
823 587 957 676 (Annal-
978 586 1092 672 Quint.
1115 609 1148 672 p.
1173 587 1233 653 138

123 700 198 788 sq.),
231 701 349 787 quibus
382 700 498 767 statuit
524 697 683 765 rhetorem
711 697 811 763 liliam
837 719 879 763 ex
899 697 1002 764 altero
1022 697 1233 777 matrimonio

122 811 295 881 sustulisse
327 818 423 897 atque
456 809 508 876 his
541 809 637 873 etiam
665 806 866 892 temporibus
894 829 1071 894 pauperem
1098 807 1140 872 ab
1160 806 1236 883 ‘Ha-

117 920 232 987 driano
265 920 396 987 tandem
429 919 517 984 circa
548 939 622 982 ann.
647 917 707 982 118
740 926 928 983 ornamenta
960 916 1017 983 illa
1047 916 1235 991 consularia

117 1030 293 1117 accepisse.
325 1029 379 1093 Ac
400 1050 441 1094 ne
462 1027 543 1096 illud
564 1026 696 1114 quidem
711 1035 836 1093 certum
857 1036 924 1110 est,
946 1028 1023 1095 num
1044 1028 1148 1093 vitam
1166 1037 1234 1095 tam

116 1141 215 1228 longe
237 1137 443 1226 produxerit3
465 1149 579 1205 contra
598 1136 701 1202 multo
718 1136 920 1224 probabilius
936 1138 1066 1205 videtur
1081 1161 1157 1204 eum
1168 1140 1234 1225 jam

118 1260 187 1316 tum
207 1257 372 1316 mortuum
392 1249 511 1331 fuisse,
538 1270 638 1334 quum
657 1245 829 1316 Juvenalis
857 1271 975 1314 nomen
1003 1251 1074 1336 ejus
1096 1272 1159 1336 pro
1182 1269 1233 1315 cu·

113 1360 250 1446 jnslibet
271 1359 437 1443 aduocati,
464 1358 622 1442 rhetoris,
650 1356 741 1425 docti
767 1357 831 1426 viri
857 1380 1014 1446 usurpare
1035 1360 1148 1447 coepit
1169 1359 1232 1446 (VI

118 1473 171 1556 75,
195 1467 359 1556 280,V11
382 1470 469 1555 186).
513 1467 623 1554 Hujus
645 1468 693 1535 rei
715 1476 882 1536 auctorem
902 1470 1029 1555 reperio
1053 1466 1094 1537 O.
1113 1469 1155 1536 L.
1171 1470 1233 1539 Ro·

116 1581 220 1647 thium
241 1582 276 1648 in
296 1582 400 1668 praef.
422 1580 473 1646 ed.
495 1578 585 1648 Suet.
606 1602 641 1666 p.
662 1593 810 1662 nxxvn,
837 1580 893 1665 qui
915 1579 1085 1646 contendit
1107 1581 1233 1667 Quinti·

117 1693 240 1759 lienum
263 1695 331 1780 jam
359 1691 412 1758 vel
433 1690 625 1757 Domitiano
647 1690 700 1756 vel
721 1689 835 1756 Nerva
862 1691 1041 1777 imperante
1068 1691 1139 1758 fato
1160 1713 1232 1758 con·

116 1803 267 1870 cessisse.
311 1799 435 1865 Nescio
468 1800 632 1886 equidem,
660 1798 747 1867 unde
774 1801 809 1866 id
841 1809 1043 1887 compertum
1075 1801 1231 1887 proferat,

116 1910 287 1999 probabile
314 1918 423 1976 tamen
448 1908 553 1975 habeo
576 1931 617 1975 ex
641 1908 725 1976 locis
747 1910 814 1977 illis
836 1910 1079 1996 Juvenalianis,
1102 1913 1158 1979 ubi
1179 1936 1233 1980 no·

116 2044 191 2091 men
223 2019 420 2107 Quintiliani
451 2043 512 2107 pro
548 2021 711 2089 communi
737 2021 877 2108 quodam
910 2024 1059 2110 exemplo
1091 2025 1235 2111 ponitun

116 2133 291 2200 Postremo
313 2132 386 2218 quis
414 2154 481 2198 non
508 2131 599 2198 videt
624 2139 744 2198 totum.
762 2133 920 2219 septimae
946 2134 1065 2201 satirae
1093 2135 1235 2205 colorem.

118 2252 155 2309 ut
176 2265 196 2308 a
217 2241 430 2329 sequentibus
452 2242 529 2309 inde
551 2264 571 2307 a
591 2241 730 2328 decima,
764 2264 845 2329 quas
865 2243 934 2311 sub
961 2243 1134 2311 Hadriano
1159 2265 1231 2312 con·

118 2354 259 2441 scriptas
280 2374 356 2421 esse
377 2353 474 2420 cortis
491 2351 622 2420 indiciis
639 2352 863 2421 demonstrare
884 2353 976 2437 licet,
997 2354 1093 2421 valde
1115 2354 1231 2425 discre-

117 2486 210 2551 pare,
232 2465 279 2529 ita
304 2464 347 2532 ad
375 2463 520 2530 indolem
546 2464 693 2549 priorum
713 2465 862 2551 proxime
894 2464 1050 2532 accedere
1071 2466 1131 2552 (cf.
1152 2465 1231 2532 Her·

116 2572 431 2658 mann.11.0.p.19)?
452 2572 493 2639 In
506 2571 624 2659 quibus
636 2594 736 2657 quum
747 2571 838 2641 nulla
854 2573 973 2642 certior
989 2577 1148 2662 temporis
1159 2585 1231 2643 nota

117 2703 237 2747 annum
260 2681 321 2745 103
344 2680 539 2768 egrediatur,
556 2679 635 2777 haec
657 2682 768 2747 statim
784 2691 862 2770 post
882 2684 936 2751 vel
952 2686 1093 2753 fortasse
1115 2687 1231 2753 rectius

117 2790 233 2859 eodem
247 2798 405 2877 tempore,
421 2812 487 2876 quo
502 2792 630 2878 priores
646 2801 839 2861 retractatae
855 2803 941 2877 sunt,
958 2795 1090 2861 condita
1112 2797 1232 2882 quomi-

116 2924 178 2969 nus
200 2899 357 2968 habeatur
378 2899 461 2967 nihil
483 2911 550 2986 est,
572 2903 661 2988 quod
682 2903 849 2990 impediat.
886 2904 964 2971 Huc
980 2906 1062 2973 duae
1077 2906 1232 2995 imprimis

116 3033 234 3081 causae
256 3013 432 3097 accedunt,
453 3035 536 3099 quae
557 3036 619 3080 nos
638 3014 687 3082 sic
702 3014 744 3081 de
760 3014 988 3082 conscribendi
1004 3026 1152 3103 tempore
1168 3040 1234 3084 mo·

115 3125 205 3190 nitos
227 3125 262 3190 in
288 3124 351 3192 hac
379 3124 540 3194 sententia
571 3125 670 3191 etiam
687 3127 800 3214 ,magis
832 3126 961 3194 firmare
987 3127 1116 3195 debent.
1167 3130 1236 3197 Pri·

119 3255 206 3301 mum
228 3235 313 3299 enim
334 3235 507 3304 Juvenalis
540 3236 658 3302 satiras
687 3256 762 3302 suas
790 3236 826 3301 in
853 3258 926 3302 eum
953 3237 1099 3306 ordinem
1127 3240 1234 3330 diges-

118 3348 202 3414 sisse
228 3344 369 3429 videtur,
401 3370 466 3433 quo
499 3368 554 3413 eas
587 3345 744 3427 absolvit,
771 3368 870 3432 quare
897 3348 994 3415 etiam
1026 3352 1126 3418 satira
1158 3360 1237 3418 tem·

116 3481 197 3546 pore
224 3457 330 3542 prima
362 3457 539 3524 secundum
571 3456 680 3523 locum
706 3455 833 3523 obtinet
863 3466 942 3543 post
972 3460 1127 3546 primam,
1151 3483 1238 3546 ¹quaa

117 3567 200 3635 nihil
222 3567 311 3634 aliud
326 3574 394 3647 est,
410 3566 474 3634 nisi
491 3567 666 3634 voluminis
682 3567 852 3652 praefatio.
880 3569 1008 3636 Deinde
1025 3572 1166 3657 septima
1186 3595 1236 3638 sa·

120 3679 183 3744 tira
203 3678 282 3743 novi
304 3674 429 3761 aliquid
451 3676 560 3762 affert,
582 3685 619 3743 ut
641 3677 684 3744 ad
704 3699 774 3743 eam
792 3681 860 3764 jam
877 3702 943 3745 non
958 3680 1132 3765 pertineat,
1148 3683 1237 3769 quod

118 3785 159 3851 de
174 3787 311 3853 mortuis
323 3794 480 3857 tantuma
490 3808 526 3854 se
541 3789 800 3878 perstringendis
811 3790 845 3854 in
859 3790 963 3876 prima
972 3789 1117 3874 loquitur
1127 3803 1236 3879 poeta.

119 3893 186 3960 Hic
202 3897 288 3963 enim
305 3896 370 3961 sibi
386 3919 454 3963 rem
470 3917 544 3964 cum
559 3898 723 3984 praesenti
739 3905 885 3986 tempore
896 3922 969 3967 ease
981 3909 1092 3986 aperte
1104 3903 1238 3969 confite·

120 4013 174 4071 tur
190 4013 324 4089 statum,
342 4007 447 4090 qualis
463 4009 498 4073 in
514 4009 598 4074 hanc
615 4018 753 4077 aetatem
771 4033 789 4076 e
805 4011 914 4097 priore
925 4009 1132 4095 redundaret,
1151 4014 1236 4079 litte·

119 4136 228 4181 rarum
249 4135 396 4198 carpens.
438 4118 795 4207 Fundamentisigitur
822 4119 1026 4206 superiorum
1047 4123 1234 4208 satirarum,

122 4236 375 4387 quaeflm
395 4237 520 4312 partem
541 4230 610 4315 jam
636 4229 697 4297 sub
724 4231 914 4298 Domitiano
940 4232 1027 4325 jacta
1053 4251 1126 4300 esse
1155 4233 1235 4302 vidi·
