2722 4658
1156 225 1175 286 5

105 426 261 507 diximus,
289 425 357 490 vita
383 425 506 489 hauriri
534 424 748 509 possit,·non
770 427 864 490 facile
888 448 1107 511 assequamur.
1150 425 1217 491 Ve-

105 544 284 601 rumtamen
306 535 455 619 equidem
477 536 672 600 contendere
694 535 793 600 nolim
816 558 949 602 necesse
972 557 1044 601 esse
1065 537 1216 622 protinus

106 646 191 710 hanc
214 647 313 711 vitam
335 647 427 730 quasi
449 668 543 710 unam
568 646 729 710 rationum
753 646 836 710 vitae
859 647 1030 712 Juvenalis
1053 655 1217 711 auctorem

106 757 279 842 eligamus,
306 757 421 819 ceteris
450 747 598 819 omnibus
628 756 773 836 omissio,
801 779 898 839 quum
926 755 959 819 id
985 766 1062 819 tunc
1089 756 1216 821 demum

106 865 176 951 lieri
198 886 298 951 posse
321 875 486 950 appareat,
510 866 537 929 si
559 875 638 949 post
663 865 803 950 reliquas
831 873 863 929 et
891 887 964 929 curn
992 867 1052 930 hac
1080 876 1113 931 et
1133 868 1217 931 inter

107 999 142 1040 se
165 974 337 1061 diligenter
364 984 583 1060 comparatas,
605 974 768 1060 quomodo
796 986 886 1040 ortae
910 977 991 1057 sint,
1015 977 1108 1060 quale
1137 976 1233 1064 anti·¹

107 1087 297 1170 quissimum
324 1086 371 1150 eis
398 1086 560 1152 exstiterit
590 1084 848 1166 fundamentum,
882 1086 960 1169 quid
987 1094 1102 1172 postea
1129 1085 1220 1151 addi·

106 1206 189 1275 tum,
212 1204 248 1259 ut
275 1195 318 1259 sit
345 1194 485 1260 dilucide
513 1195 696 1281 expositum
725 1197 818 1260 nobis
847 1197 1029 1282 contigerit,
1073 1195 1129 1264 Sic
1150 1195 1220 1260 effi-

107 1307 219 1386 cietur,
246 1327 329 1390 quos
358 1306 483 1370 fructus
512 1306 552 1370 ad
575 1294 798 1389 quaestionem
827 1306 1016 1399 solvendam
1038 1329 1078 1372 ex
1100 1307 1155 1372 his
1172 1317 1220 1372 te·

107 1416 210 1481 stibus
234 1416 317 1480 ferre
341 1415 446 1480 liceat.
480 1414 578 1500 Quod
601 1438 678 1479 vero
702 1416 763 1479 hac
779 1416 1019 1501 disquisitionis
1040 1425 1133 1502 parte
1152 1421 1219 1504 jam

107 1528 254 1592 confecta
275 1528 381 1591 minus
410 1526 554 1608 liquerit,
583 1526 616 1588 id
644 1548 683 1588 ex
706 1527 822 1590 ceteris
857 1526 1067 1608 testimoniis,
1101 1530 1218 1614 quibus

107 1661 173 1704 non
196 1622 328 1702 omnino
357 1635 503 1701 destituti
532 1656 642 1701 sumus
670 1657 815 1718 quaeque
843 1636 928 1700 inter
954 1636 1027 1720 ipsa
1047 1635 1219 1704 «luvenalis

109 1749 232 1832 scripta
253 1746 391 1832 primum
414 1746 561 1811 obtinent
582 1745 703 1826 locum,
721 1754 765 1826 ut,
788 1746 896 1829 quoad
916 1746 986 1810 fieri
1007 1750 1143 1833 poterit,
1167 1771 1220 1814 ex·
1288 1739 1292 1745 ¹

108 1860 258 1944 planetur
285 1880 382 1942 opera
409 1857 515 1921 danda
541 1858 611 1921 erit.
655 1856 747 1941 Quae
775 1880 872 1942 quum
899 1857 945 1922 ita
973 1859 1052 1939 sint,
1080 1860 1219 1957 primum

109 1955 209 2052 viam,
232 1991 326 2052 quam
347 1967 476 2054 ingredi
498 1979 651 2053 coeperat
671 1967 867 2048 Franckius,
890 1969 924 2032 in
947 1968 1059 2033 critica
1080 1970 1221 2035 vitarum

108 2079 299 2144 tractatione
327 2079 418 2162 sequi
446 2078 654 2157 contendam3
686 2077 802 2142 deinde
831 2079 864 2142 in
893 2077 1009 2144 satiras
1032 2078 1221 2160 Juverralis,

109 2211 191 2275 quae
213 2188 362 2272 quaestio
385 2188 557 2272 praecipue
578 2189 611 2251 in
635 2198 797 2272 tempore,
825 2211 889 2273 quo
912 2190 1116 2272 conscriptae
1140 2189 1221 2271 sint,

109 2298 337 2363 constituendo
365 2296 556 2376 versabitur,
579 2297 754 2377 inquiram,
782 2305 818 2360 ut
844 2304 1008 2380 postremo
1037 2297 1079 2362 ad
1100 2307 1222 2364 certam

110 2407 272 2493 quandam
305 2407 403 2485 vitae
425 2406 595 2471 Juvenalis
628 2406 800 2492 imaginem
833 2407 1078 2491 proponendam
1109 2429 1223 2492 perve-

111 2539 259 2584 mamus·

652 2755 679 2822 Ι.

59 2928 62 2935 ’
211 2912 302 2978 Inter
327 2878 418 2976 vitae
441 2911 658 2990 narrationes,
686 2911 726 2975 de
755 2910 871 2996 quibus
899 2911 1000 2976 locuti
1029 2933 1155 2992 sumus,
1178 2936 1222 2980 ¹ea
1248 2981 1254 3004 ,

112 3026 216 3113 primo
249 3023 323 3087 loco
356 3021 550 3106 proferenda
582 3031 647 3101 est,
681 3043 777 3106 quarn
804 3021 968 3108 Georgius
985 3019 1089 3094 „Valla
1115 3025 1149 3087 in
1170 3024 1221 3088 ed.

10 3203 12 3208 ,
112 3135 230 3200 Venet.
255 3132 367 3217 (1486)
391 3131 500 3197 Probo
524 3133 722 3218 assignatam
743 3133 867 3217 primus
884 3132 1041 3218 vulgavit.
1084 3131 1223 3219 Legitur

97 3248 145 3312 *in
179 3245 251 3309 cod.
280 3245 507 3328 antiquissimo
536 3242 717 3308 Pitboeano
751 3244 785 3307 in
818 3241 1094 3329 finefreoentiore
1126 3265 1223 3308 manu

113 3357 256 3440 ascripta
282 3363 315 3418 et
340 3363 507 3438 praeterea
533 3354 567 3417 in
594 3354 736 3438 quinque
769 3353 840 3417 aliis
875 3352 1041 3418 codicibus
1075 3353 1223 3419 diversae

113 3467 238 3541 aetatis.
285 3458 355 3549 (Of.
376 3461 420 3528 Ο.
433 3462 531 3528 Jahn.
555 3462 604 3527 ed.
627 3463 706 3528 Juv.
730 3462 854 3548 (Berol.
875 3462 969 3549 1851)
988 3488 1019 3548 p.
1037 3462 1124 3547 386).
1152 3461 1223 3526 Hu-
1297 3458 1299 3464 ’

109 3577 291 3661 juscemodi
313 3583 378 3640 est:

113 3741 140 3813 l.
170 3740 301 3813 Junius
328 3736 538 3824 iuvenalia,
565 3737 728 3812 libertini
754 3714 950 3834 locupletis
977 3737 1157 3812 incertum
1182 3741 1223 3813 fi'-

188 3867 260 3943 lius
294 3893 338 3940 an
372 3868 558 3954 alumnus,
598 3868 643 3940 ad
675 3866 831 3942 mediam
864 3868 941 3941 fere
974 3877 1129 3943 aetatem
1163 3871 1224 3943 de·

188 3997 361 4070 clamavit
386 3995 498 4068 animi
525 3993 637 4094 magis
670 4019 778 4069 causa
810 3972 917 4092 quam
950 3997 1050 4093 quod
1076 3998 1225 4072 scholae

188 4150 229 4198 se
257 4132 319 4196 aut
345 4123 425 4196 foro
444 4132 707 4220 praepararet,
742 4132 779 4196 et
805 4122 888 4196 dein
917 4148 1116 4220 paucorum
1144 4150 1222 4198 ver·

114 4283 117 4288 ·
190 4277 301 4327 suum
324 4261 447 4348 satyra
478 4275 552 4324 non
581 4253 737 4326 absurde
763 4251 1048 4348 compositam
1061 4224 1284 4317 Paridem!
