<?xml version="1.0" encoding="UTF-8"?>
<!DOCTYPE html PUBLIC "-//W3C//DTD XHTML 1.0 Transitional//EN"
    "http://www.w3.org/TR/xhtml1/DTD/xhtml1-transitional.dtd">
<html xmlns="http://www.w3.org/1999/xhtml" xml:lang="en" lang="en">
 <head>
  <title>
</title>
<meta http-equiv="Content-Type" content="text/html;charset=utf-8" />
  <meta name='ocr-system' content='tesseract 3.04.00' />
  <meta name='ocr-capabilities' content='ocr_page ocr_carea ocr_par ocr_line ocrx_word'/>
</head>
<body>
  <div class='ocr_page' id='page_1' title='image "./detemporibusvit00synngoog_0077.png"; bbox 0 0 2722 4658; ppageno 0'>
   <div class='ocr_carea' id='block_1_1' title="bbox 208 184 251 249">
    <p class='ocr_par' dir='ltr' id='par_1_1' title="bbox 208 184 251 249">
     <span class='ocr_line' id='line_1_1' title="bbox 208 184 251 249; baseline 0.047 -2"><span class='ocrx_word' id='word_1_1' title='bbox 208 184 251 249; x_wconf 73' lang='lat' dir='ltr'><strong>ll)</strong></span> 
     </span>
    </p>
   </div>
   <div class='ocr_carea' id='block_1_2' title="bbox 162 363 1292 4198">
    <p class='ocr_par' dir='ltr' id='par_1_2' title="bbox 164 363 1292 1119">
     <span class='ocr_line' id='line_1_2' title="bbox 165 363 1292 456; baseline -0.005 -20"><span class='ocrx_word' id='word_1_2' title='bbox 165 370 347 438; x_wconf 85' lang='lat' dir='ltr'><strong>elaboratas</strong></span> <span class='ocrx_word' id='word_1_3' title='bbox 363 391 387 439; x_wconf 88' lang='lat' dir='ltr'><strong>e</strong></span> <span class='ocrx_word' id='word_1_4' title='bbox 415 368 582 456; x_wconf 81' lang='lat' dir='ltr'><strong>prioribus</strong></span> <span class='ocrx_word' id='word_1_5' title='bbox 608 367 809 453; x_wconf 69' lang='lat' dir='ltr'>temporibus</span> <span class='ocrx_word' id='word_1_6' title='bbox 835 368 870 432; x_wconf 92' lang='lat' dir='ltr'><strong>in</strong></span> <span class='ocrx_word' id='word_1_7' title='bbox 896 367 1079 453; x_wconf 80' lang='lat' dir='ltr'><strong>posteriora</strong></span> <span class='ocrx_word' id='word_1_8' title='bbox 1109 363 1292 450; x_wconf 74' lang='lat' dir='ltr'>retulerat,</span> 
     </span>
     <span class='ocr_line' id='line_1_3' title="bbox 165 476 1290 564; baseline -0.004 -19"><span class='ocrx_word' id='word_1_9' title='bbox 165 480 327 546; x_wconf 90' lang='lat' dir='ltr'><strong>editurum</strong></span> <span class='ocrx_word' id='word_1_10' title='bbox 348 478 465 562; x_wconf 83' lang='lat' dir='ltr'><strong>mrdta,</strong></span> <span class='ocrx_word' id='word_1_11' title='bbox 486 500 568 564; x_wconf 90' lang='lat' dir='ltr'><strong>quae</strong></span> <span class='ocrx_word' id='word_1_12' title='bbox 590 477 632 542; x_wconf 89' lang='lat' dir='ltr'><strong>ad</strong></span> <span class='ocrx_word' id='word_1_13' title='bbox 654 498 810 545; x_wconf 88' lang='lat' dir='ltr'><strong>summam</strong></span> <span class='ocrx_word' id='word_1_14' title='bbox 832 476 947 563; x_wconf 86' lang='lat' dir='ltr'><strong>operia</strong></span> <span class='ocrx_word' id='word_1_15' title='bbox 964 498 1030 543; x_wconf 93' lang='lat' dir='ltr'><strong>non</strong></span> <span class='ocrx_word' id='word_1_16' title='bbox 1052 496 1186 561; x_wconf 86' lang='lat' dir='ltr'><strong>semper</strong></span> <span class='ocrx_word' id='word_1_17' title='bbox 1206 495 1290 541; x_wconf 86' lang='lat' dir='ltr'><strong>eon·</strong></span> 
     </span>
     <span class='ocr_line' id='line_1_4' title="bbox 165 585 1289 679; baseline -0.005 -21"><span class='ocrx_word' id='word_1_18' title='bbox 165 591 299 676; x_wconf 90' lang='lat' dir='ltr'><strong>ducant,</strong></span> <span class='ocrx_word' id='word_1_19' title='bbox 331 591 500 679; x_wconf 88' lang='lat' dir='ltr'><strong>adjecisse.</strong></span> <span class='ocrx_word' id='word_1_20' title='bbox 549 590 705 673; x_wconf 81' lang='lat' dir='ltr'><strong>Accedit,</strong></span> <span class='ocrx_word' id='word_1_21' title='bbox 737 588 825 676; x_wconf 92' lang='lat' dir='ltr'><strong>quod</strong></span> <span class='ocrx_word' id='word_1_22' title='bbox 851 588 948 674; x_wconf 90' lang='lat' dir='ltr'><strong>hujus</strong></span> <span class='ocrx_word' id='word_1_23' title='bbox 981 587 1099 652; x_wconf 87' lang='lat' dir='ltr'><strong>satirae</strong></span> <span class='ocrx_word' id='word_1_24' title='bbox 1128 585 1216 668; x_wconf 85' lang='lat' dir='ltr'><strong>loci,</strong></span> <span class='ocrx_word' id='word_1_25' title='bbox 1244 585 1289 652; x_wconf 88' lang='lat' dir='ltr'><strong>de</strong></span> 
     </span>
     <span class='ocr_line' id='line_1_5' title="bbox 166 696 1284 786; baseline -0.004 -20"><span class='ocrx_word' id='word_1_26' title='bbox 166 701 284 786; x_wconf 90' lang='lat' dir='ltr'><strong>quibus</strong></span> <span class='ocrx_word' id='word_1_27' title='bbox 306 701 410 767; x_wconf 89' lang='lat' dir='ltr'><strong>locuti</strong></span> <span class='ocrx_word' id='word_1_28' title='bbox 431 722 558 784; x_wconf 92' lang='lat' dir='ltr'><strong>sumus,</strong></span> <span class='ocrx_word' id='word_1_29' title='bbox 575 700 662 783; x_wconf 90' lang='lat' dir='ltr'><strong>iique</strong></span> <span class='ocrx_word' id='word_1_30' title='bbox 678 698 854 785; x_wconf 83' lang='lat' dir='ltr'>imprimis,</span> <span class='ocrx_word' id='word_1_31' title='bbox 865 699 922 781; x_wconf 94' lang='lat' dir='ltr'><strong>qui</strong></span> <span class='ocrx_word' id='word_1_32' title='bbox 938 696 1089 764; x_wconf 82' lang='lat' dir='ltr'><strong>versibus</strong></span> <span class='ocrx_word' id='word_1_33' title='bbox 1103 696 1284 781; x_wconf 75' lang='lat' dir='ltr'><strong>rot-113,</strong></span> 
     </span>
     <span class='ocr_line' id='line_1_6' title="bbox 166 806 1286 896; baseline -0.003 -19"><span class='ocrx_word' id='word_1_34' title='bbox 166 811 344 896; x_wconf 79' lang='lat' dir='ltr'><strong>ldl-lbb,</strong></span> <span class='ocrx_word' id='word_1_35' title='bbox 368 811 535 876; x_wconf 86' lang='grc'>166-169</span> <span class='ocrx_word' id='word_1_36' title='bbox 557 810 775 890; x_wconf 88' lang='lat' dir='ltr'><strong>continentur,</strong></span> <span class='ocrx_word' id='word_1_37' title='bbox 801 807 894 873; x_wconf 91' lang='lat' dir='ltr'><strong>inse</strong></span> <span class='ocrx_word' id='word_1_38' title='bbox 921 808 1043 874; x_wconf 90' lang='lat' dir='ltr'><strong>babent</strong></span> <span class='ocrx_word' id='word_1_39' title='bbox 1066 806 1184 874; x_wconf 89' lang='lat' dir='ltr'><strong>nescio</strong></span> <span class='ocrx_word' id='word_1_40' title='bbox 1199 806 1286 891; x_wconf 88' lang='lat' dir='ltr'><strong>quid</strong></span> 
     </span>
     <span class='ocr_line' id='line_1_7' title="bbox 166 917 1286 1007; baseline -0.004 -19"><span class='ocrx_word' id='word_1_41' title='bbox 166 921 309 990; x_wconf 87' lang='lat' dir='ltr'><strong>absoluti</strong></span> <span class='ocrx_word' id='word_1_42' title='bbox 329 929 363 989; x_wconf 90' lang='lat' dir='ltr'><strong>et</strong></span> <span class='ocrx_word' id='word_1_43' title='bbox 384 922 650 1007; x_wconf 85' lang='lat' dir='ltr'><strong>epigrammatum</strong></span> <span class='ocrx_word' id='word_1_44' title='bbox 679 917 800 1000; x_wconf 90' lang='lat' dir='ltr'><strong>simile,</strong></span> <span class='ocrx_word' id='word_1_45' title='bbox 826 925 864 984; x_wconf 88' lang='lat' dir='ltr'><strong>nt</strong></span> <span class='ocrx_word' id='word_1_46' title='bbox 888 940 948 1004; x_wconf 89' lang='lat' dir='ltr'><strong>per</strong></span> <span class='ocrx_word' id='word_1_47' title='bbox 974 939 1011 984; x_wconf 90' lang='lat' dir='ltr'><strong>se</strong></span> <span class='ocrx_word' id='word_1_48' title='bbox 1036 918 1167 984; x_wconf 90' lang='lat' dir='ltr'><strong>minora</strong></span> <span class='ocrx_word' id='word_1_49' title='bbox 1186 938 1286 1004; x_wconf 82' lang='lat' dir='ltr'><strong>quae·</strong></span> 
     </span>
     <span class='ocr_line' id='line_1_8' title="bbox 164 1028 718 1119; baseline -0.014 -18"><span class='ocrx_word' id='word_1_50' title='bbox 164 1031 239 1100; x_wconf 83' lang='lat' dir='ltr'><strong>dam</strong></span> <span class='ocrx_word' id='word_1_51' title='bbox 259 1040 410 1119; x_wconf 87' lang='lat' dir='ltr'><strong>poemata</strong></span> <span class='ocrx_word' id='word_1_52' title='bbox 430 1029 558 1095; x_wconf 85' lang='lat' dir='ltr'><strong>efficere</strong></span> <span class='ocrx_word' id='word_1_53' title='bbox 578 1028 718 1116; x_wconf 84' lang='lat' dir='ltr'><strong>possint</strong></span> 
     </span>
    </p>

    <p class='ocr_par' dir='ltr' id='par_1_3' title="bbox 162 1136 1288 4198">
     <span class='ocr_line' id='line_1_9' title="bbox 265 1136 1287 1225; baseline -0.003 -19"><span class='ocrx_word' id='word_1_54' title='bbox 265 1140 376 1206; x_wconf 88' lang='lat' dir='ltr'><strong>Multa</strong></span> <span class='ocrx_word' id='word_1_55' title='bbox 396 1140 430 1205; x_wconf 90' lang='lat' dir='ltr'><strong>in</strong></span> <span class='ocrx_word' id='word_1_56' title='bbox 452 1139 536 1206; x_wconf 88' lang='lat' dir='ltr'><strong>banc</strong></span> <span class='ocrx_word' id='word_1_57' title='bbox 557 1149 682 1225; x_wconf 89' lang='lat' dir='ltr'><strong>partem</strong></span> <span class='ocrx_word' id='word_1_58' title='bbox 703 1137 744 1204; x_wconf 91' lang='lat' dir='ltr'><strong>de</strong></span> <span class='ocrx_word' id='word_1_59' title='bbox 767 1145 879 1204; x_wconf 88' lang='lat' dir='ltr'><strong>sexta</strong></span> <span class='ocrx_word' id='word_1_60' title='bbox 900 1158 1030 1224; x_wconf 91' lang='lat' dir='ltr'><strong>quoque</strong></span> <span class='ocrx_word' id='word_1_61' title='bbox 1052 1136 1155 1205; x_wconf 86' lang='lat' dir='ltr'><strong>satira</strong></span> <span class='ocrx_word' id='word_1_62' title='bbox 1170 1136 1287 1224; x_wconf 84' lang='lat' dir='ltr'><strong>dispu-</strong></span> 
     </span>
     <span class='ocr_line' id='line_1_10' title="bbox 164 1247 1287 1337; baseline -0.004 -18"><span class='ocrx_word' id='word_1_63' title='bbox 164 1253 228 1319; x_wconf 87' lang='lat' dir='ltr'><strong>tari</strong></span> <span class='ocrx_word' id='word_1_64' title='bbox 248 1258 404 1337; x_wconf 90' lang='lat' dir='ltr'><strong>possunt,</strong></span> <span class='ocrx_word' id='word_1_65' title='bbox 432 1252 541 1336; x_wconf 87' lang='lat' dir='ltr'><strong>cujus,</strong></span> <span class='ocrx_word' id='word_1_66' title='bbox 568 1249 598 1316; x_wconf 90' lang='lat' dir='ltr'><strong>si</strong></span> <span class='ocrx_word' id='word_1_67' title='bbox 624 1249 726 1331; x_wconf 88' lang='lat' dir='ltr'><strong>viam,</strong></span> <span class='ocrx_word' id='word_1_68' title='bbox 753 1271 850 1335; x_wconf 88' lang='lat' dir='ltr'><strong>quam</strong></span> <span class='ocrx_word' id='word_1_69' title='bbox 875 1248 1045 1336; x_wconf 85' lang='lat' dir='ltr'><strong>ingressus</strong></span> <span class='ocrx_word' id='word_1_70' title='bbox 1067 1256 1121 1314; x_wconf 90' lang='lat' dir='ltr'><strong>est</strong></span> <span class='ocrx_word' id='word_1_71' title='bbox 1140 1247 1287 1315; x_wconf 83' lang='lat' dir='ltr'><strong>Ribbec-</strong></span> 
     </span>
     <span class='ocr_line' id='line_1_11' title="bbox 163 1357 1288 1446; baseline -0.002 -19"><span class='ocrx_word' id='word_1_72' title='bbox 163 1360 255 1445; x_wconf 84' lang='lat' dir='ltr'><strong>kius,</strong></span> <span class='ocrx_word' id='word_1_73' title='bbox 282 1383 500 1446; x_wconf 79' lang='lat' dir='ltr'><strong>sequeremur,</strong></span> <span class='ocrx_word' id='word_1_74' title='bbox 525 1361 582 1424; x_wconf 83' lang='lat' dir='ltr'><strong>vix</strong></span> <span class='ocrx_word' id='word_1_75' title='bbox 608 1359 676 1425; x_wconf 90' lang='lat' dir='ltr'><strong>ulla</strong></span> <span class='ocrx_word' id='word_1_76' title='bbox 701 1358 821 1445; x_wconf 89' lang='lat' dir='ltr'><strong>prioris</strong></span> <span class='ocrx_word' id='word_1_77' title='bbox 847 1358 944 1426; x_wconf 86' lang='lat' dir='ltr'><strong>faciei</strong></span> <span class='ocrx_word' id='word_1_78' title='bbox 969 1357 1111 1446; x_wconf 85' lang='lat' dir='ltr'><strong>vestigia</strong></span> <span class='ocrx_word' id='word_1_79' title='bbox 1137 1379 1288 1426; x_wconf 77' lang='lat' dir='ltr'><strong>remane·</strong></span> 
     </span>
     <span class='ocr_line' id='line_1_12' title="bbox 164 1468 1288 1557; baseline -0.003 -19"><span class='ocrx_word' id='word_1_80' title='bbox 164 1477 248 1538; x_wconf 85' lang='lat' dir='ltr'><strong>rent.</strong></span> <span class='ocrx_word' id='word_1_81' title='bbox 290 1470 492 1556; x_wconf 80' lang='lat' dir='ltr'><strong>Quamquam</strong></span> <span class='ocrx_word' id='word_1_82' title='bbox 513 1470 662 1555; x_wconf 89' lang='lat' dir='ltr'><strong>equidem</strong></span> <span class='ocrx_word' id='word_1_83' title='bbox 686 1491 779 1536; x_wconf 91' lang='lat' dir='ltr'><strong>omne</strong></span> <span class='ocrx_word' id='word_1_84' title='bbox 802 1468 984 1557; x_wconf 85' lang='lat' dir='ltr'><strong>argumenti</strong></span> <span class='ocrx_word' id='word_1_85' title='bbox 1009 1468 1101 1534; x_wconf 89' lang='lat' dir='ltr'><strong>filum</strong></span> <span class='ocrx_word' id='word_1_86' title='bbox 1128 1490 1191 1555; x_wconf 86' lang='lat' dir='ltr'><strong>per</strong></span> <span class='ocrx_word' id='word_1_87' title='bbox 1217 1469 1288 1535; x_wconf 89' lang='lat' dir='ltr'><strong>sin·-</strong></span> 
     </span>
     <span class='ocr_line' id='line_1_13' title="bbox 165 1579 1287 1669; baseline 0 -23"><span class='ocrx_word' id='word_1_88' title='bbox 165 1581 259 1669; x_wconf 88' lang='lat' dir='ltr'><strong>gnlas</strong></span> <span class='ocrx_word' id='word_1_89' title='bbox 297 1581 449 1648; x_wconf 82' lang='lat' dir='ltr'><strong>carminis</strong></span> <span class='ocrx_word' id='word_1_90' title='bbox 476 1589 587 1667; x_wconf 89' lang='lat' dir='ltr'><strong>partes</strong></span> <span class='ocrx_word' id='word_1_91' title='bbox 621 1580 702 1648; x_wconf 88' lang='lat' dir='ltr'><strong>satis</strong></span> <span class='ocrx_word' id='word_1_92' title='bbox 729 1579 942 1663; x_wconf 78' lang='lat' dir='ltr'><strong>aequabiliter</strong></span> <span class='ocrx_word' id='word_1_93' title='bbox 972 1579 1115 1646; x_wconf 86' lang='lat' dir='ltr'><strong>effusum</strong></span> <span class='ocrx_word' id='word_1_94' title='bbox 1141 1600 1211 1645; x_wconf 90' lang='lat' dir='ltr'><strong>non</strong></span> <span class='ocrx_word' id='word_1_95' title='bbox 1238 1579 1287 1647; x_wconf 85' lang='lat' dir='ltr'><strong>ita</strong></span> 
     </span>
     <span class='ocr_line' id='line_1_14' title="bbox 163 1689 1287 1777; baseline -0.003 -18"><span class='ocrx_word' id='word_1_96' title='bbox 163 1692 326 1777; x_wconf 84' lang='lat' dir='ltr'><strong>desidero,</strong></span> <span class='ocrx_word' id='word_1_97' title='bbox 347 1700 385 1757; x_wconf 89' lang='lat' dir='ltr'><strong>nt</strong></span> <span class='ocrx_word' id='word_1_98' title='bbox 404 1690 622 1773; x_wconf 87' lang='lat' dir='ltr'><strong>Ribbeckius,</strong></span> <span class='ocrx_word' id='word_1_99' title='bbox 649 1690 780 1755; x_wconf 90' lang='lat' dir='ltr'><strong>minime</strong></span> <span class='ocrx_word' id='word_1_100' title='bbox 809 1699 917 1756; x_wconf 88' lang='lat' dir='ltr'><strong>tamen</strong></span> <span class='ocrx_word' id='word_1_101' title='bbox 943 1711 1003 1777; x_wconf 88' lang='lat' dir='ltr'><strong>pro</strong></span> <span class='ocrx_word' id='word_1_102' title='bbox 1031 1689 1094 1754; x_wconf 87' lang='lat' dir='ltr'><strong>bac</strong></span> <span class='ocrx_word' id='word_1_103' title='bbox 1120 1689 1215 1755; x_wconf 84' lang='lat' dir='ltr'><strong>tenni</strong></span> <span class='ocrx_word' id='word_1_104' title='bbox 1236 1690 1287 1756; x_wconf 91' lang='lat' dir='ltr'><strong>in·</strong></span> 
     </span>
     <span class='ocr_line' id='line_1_15' title="bbox 163 1800 1287 1888; baseline -0.003 -19"><span class='ocrx_word' id='word_1_105' title='bbox 163 1801 320 1887; x_wconf 84' lang='lat' dir='ltr'><strong>firmaque</strong></span> <span class='ocrx_word' id='word_1_106' title='bbox 350 1809 443 1886; x_wconf 90' lang='lat' dir='ltr'><strong>parte</strong></span> <span class='ocrx_word' id='word_1_107' title='bbox 475 1800 676 1887; x_wconf 84' lang='lat' dir='ltr'><strong>probandam</strong></span> <span class='ocrx_word' id='word_1_108' title='bbox 703 1821 777 1867; x_wconf 88' lang='lat' dir='ltr'><strong>esse</strong></span> <span class='ocrx_word' id='word_1_109' title='bbox 803 1822 921 1868; x_wconf 88' lang='lat' dir='ltr'><strong>censeo</strong></span> <span class='ocrx_word' id='word_1_110' title='bbox 948 1800 1193 1888; x_wconf 86' lang='lat' dir='ltr'><strong>argutissimam</strong></span> <span class='ocrx_word' id='word_1_111' title='bbox 1224 1800 1287 1866; x_wconf 90' lang='lat' dir='ltr'><strong>bu-</strong></span> 
     </span>
     <span class='ocr_line' id='line_1_16' title="bbox 162 1910 1288 1999; baseline 0 -21"><span class='ocrx_word' id='word_1_112' title='bbox 162 1913 216 1996; x_wconf 81' lang='lat' dir='ltr'><strong>jns</strong></span> <span class='ocrx_word' id='word_1_113' title='bbox 241 1910 290 1975; x_wconf 84' lang='lat' dir='ltr'><strong>fili</strong></span> <span class='ocrx_word' id='word_1_114' title='bbox 320 1910 580 1998; x_wconf 83' lang='lat' dir='ltr'><strong>indagationem,</strong></span> <span class='ocrx_word' id='word_1_115' title='bbox 612 1932 709 1996; x_wconf 88' lang='lat' dir='ltr'><strong>quam</strong></span> <span class='ocrx_word' id='word_1_116' title='bbox 740 1913 915 1996; x_wconf 83' lang='lat' dir='ltr'><strong>proposuit</strong></span> <span class='ocrx_word' id='word_1_117' title='bbox 935 1910 1221 1999; x_wconf 86' lang='lat' dir='ltr'><strong>Naegelsbaebius</strong></span> <span class='ocrx_word' id='word_1_118' title='bbox 1250 1911 1288 1978; x_wconf 92' lang='lat' dir='ltr'><strong>in</strong></span> 
     </span>
     <span class='ocr_line' id='line_1_17' title="bbox 162 2017 1288 2106; baseline -0.001 -19"><span class='ocrx_word' id='word_1_119' title='bbox 162 2017 284 2087; x_wconf 90' lang='lat' dir='ltr'><strong>Philol.</strong></span> <span class='ocrx_word' id='word_1_120' title='bbox 301 2017 403 2086; x_wconf 66' lang='lat' dir='ltr'><strong>mm</strong></span> <span class='ocrx_word' id='word_1_121' title='bbox 424 2041 457 2105; x_wconf 90' lang='lat' dir='ltr'><strong>p.</strong></span> <span class='ocrx_word' id='word_1_122' title='bbox 468 2019 531 2084; x_wconf 76' lang='lat'><strong>472</strong></span> <span class='ocrx_word' id='word_1_123' title='bbox 554 2042 614 2105; x_wconf 74' lang='lat' dir='ltr'><strong>sq,</strong></span> <span class='ocrx_word' id='word_1_124' title='bbox 640 2041 723 2106; x_wconf 86' lang='lat' dir='ltr'><strong>quae</strong></span> <span class='ocrx_word' id='word_1_125' title='bbox 743 2042 811 2086; x_wconf 89' lang='lat' dir='ltr'><strong>non</strong></span> <span class='ocrx_word' id='word_1_126' title='bbox 832 2042 874 2085; x_wconf 82' lang='lat' dir='ltr'><strong>ex</strong></span> <span class='ocrx_word' id='word_1_127' title='bbox 889 2020 964 2105; x_wconf 88' lang='lat' dir='ltr'><strong>ipsa</strong></span> <span class='ocrx_word' id='word_1_128' title='bbox 988 2019 1141 2087; x_wconf 88' lang='lat' dir='ltr'><strong>carminis</strong></span> <span class='ocrx_word' id='word_1_129' title='bbox 1164 2029 1288 2087; x_wconf 87' lang='lat' dir='ltr'><strong>natura</strong></span> 
     </span>
     <span class='ocr_line' id='line_1_18' title="bbox 165 2128 1287 2217; baseline 0.001 -21"><span class='ocrx_word' id='word_1_130' title='bbox 165 2151 205 2196; x_wconf 82' lang='lat' dir='ltr'><strong>ao</strong></span> <span class='ocrx_word' id='word_1_131' title='bbox 225 2128 453 2216; x_wconf 23' lang='lat' dir='ltr'><strong>,dispositione</strong></span> <span class='ocrx_word' id='word_1_132' title='bbox 485 2128 571 2194; x_wconf 92' lang='lat' dir='ltr'><strong>ultro</strong></span> <span class='ocrx_word' id='word_1_133' title='bbox 604 2129 699 2213; x_wconf 89' lang='lat' dir='ltr'><strong>quasi</strong></span> <span class='ocrx_word' id='word_1_134' title='bbox 731 2137 841 2212; x_wconf 89' lang='lat' dir='ltr'><strong>enata,</strong></span> <span class='ocrx_word' id='word_1_135' title='bbox 873 2129 933 2197; x_wconf 88' lang='lat' dir='ltr'><strong>sed</strong></span> <span class='ocrx_word' id='word_1_136' title='bbox 959 2130 1106 2196; x_wconf 89' lang='lat' dir='ltr'><strong>acumine</strong></span> <span class='ocrx_word' id='word_1_137' title='bbox 1138 2129 1287 2217; x_wconf 87' lang='lat' dir='ltr'><strong>quodam</strong></span> 
     </span>
     <span class='ocr_line' id='line_1_19' title="bbox 164 2238 1287 2324; baseline 0 -17"><span class='ocrx_word' id='word_1_138' title='bbox 164 2239 354 2324; x_wconf 79' lang='lat' dir='ltr'><strong>disputandi</strong></span> <span class='ocrx_word' id='word_1_139' title='bbox 385 2239 588 2305; x_wconf 82' lang='lat' dir='ltr'><strong>extrinsecus</strong></span> <span class='ocrx_word' id='word_1_140' title='bbox 626 2239 718 2304; x_wconf 89' lang='lat' dir='ltr'><strong>illata</strong></span> <span class='ocrx_word' id='word_1_141' title='bbox 754 2239 869 2307; x_wconf 87' lang='lat' dir='ltr'><strong>baberi</strong></span> <span class='ocrx_word' id='word_1_142' title='bbox 900 2239 1026 2306; x_wconf 90' lang='lat' dir='ltr'><strong>debeat.</strong></span> <span class='ocrx_word' id='word_1_143' title='bbox 1086 2238 1154 2307; x_wconf 89' lang='lat' dir='ltr'><strong>Sed</strong></span> <span class='ocrx_word' id='word_1_144' title='bbox 1185 2241 1287 2308; x_wconf 92' lang='lat' dir='ltr'><strong>mitto</strong></span> 
     </span>
     <span class='ocr_line' id='line_1_20' title="bbox 164 2349 1287 2440; baseline 0.003 -24"><span class='ocrx_word' id='word_1_145' title='bbox 164 2368 251 2416; x_wconf 88' lang='lat' dir='ltr'><strong>nnnc</strong></span> <span class='ocrx_word' id='word_1_146' title='bbox 271 2349 358 2417; x_wconf 86' lang='lat' dir='ltr'><strong>banc</strong></span> <span class='ocrx_word' id='word_1_147' title='bbox 379 2350 620 2433; x_wconf 88' lang='lat' dir='ltr'><strong>quaestionem,</strong></span> <span class='ocrx_word' id='word_1_148' title='bbox 642 2370 726 2433; x_wconf 85' lang='lat' dir='ltr'><strong>quae</strong></span> <span class='ocrx_word' id='word_1_149' title='bbox 746 2349 829 2418; x_wconf 89' lang='lat' dir='ltr'><strong>fines</strong></span> <span class='ocrx_word' id='word_1_150' title='bbox 855 2349 959 2416; x_wconf 90' lang='lat' dir='ltr'><strong>libelli</strong></span> <span class='ocrx_word' id='word_1_151' title='bbox 983 2349 1167 2417; x_wconf 90' lang='lat' dir='ltr'><strong>meinimis</strong></span> <span class='ocrx_word' id='word_1_152' title='bbox 1190 2374 1287 2440; x_wconf 76' lang='lat' dir='ltr'><strong>egre·</strong></span> 
     </span>
     <span class='ocr_line' id='line_1_21' title="bbox 164 2460 1287 2548; baseline 0.001 -20"><span class='ocrx_word' id='word_1_153' title='bbox 164 2461 305 2545; x_wconf 86' lang='lat' dir='ltr'><strong>deretur,</strong></span> <span class='ocrx_word' id='word_1_154' title='bbox 326 2468 360 2527; x_wconf 95' lang='lat' dir='ltr'><strong>et</strong></span> <span class='ocrx_word' id='word_1_155' title='bbox 385 2460 560 2547; x_wconf 89' lang='lat' dir='ltr'><strong>plerosque</strong></span> <span class='ocrx_word' id='word_1_156' title='bbox 593 2479 808 2526; x_wconf 84' lang='lat' dir='ltr'><strong>concessuros</strong></span> <span class='ocrx_word' id='word_1_157' title='bbox 841 2481 976 2545; x_wconf 90' lang='lat' dir='ltr'><strong>sperans</strong></span> <span class='ocrx_word' id='word_1_158' title='bbox 1008 2460 1185 2546; x_wconf 87' lang='lat' dir='ltr'><strong>rationem,</strong></span> <span class='ocrx_word' id='word_1_159' title='bbox 1218 2483 1287 2548; x_wconf 89' lang='lat' dir='ltr'><strong>qna</strong></span> 
     </span>
     <span class='ocr_line' id='line_1_22' title="bbox 164 2567 1286 2656; baseline 0.004 -20"><span class='ocrx_word' id='word_1_160' title='bbox 164 2590 201 2637; x_wconf 87' lang='lat' dir='ltr'><strong>ss</strong></span> <span class='ocrx_word' id='word_1_161' title='bbox 221 2571 256 2635; x_wconf 90' lang='lat' dir='ltr'><strong>in</strong></span> <span class='ocrx_word' id='word_1_162' title='bbox 277 2571 339 2636; x_wconf 85' lang='lat' dir='ltr'><strong>bac</strong></span> <span class='ocrx_word' id='word_1_163' title='bbox 362 2569 460 2634; x_wconf 89' lang='lat' dir='ltr'><strong>satira</strong></span> <span class='ocrx_word' id='word_1_164' title='bbox 481 2567 649 2653; x_wconf 87' lang='lat' dir='ltr'><strong>excipiunt</strong></span> <span class='ocrx_word' id='word_1_165' title='bbox 669 2569 817 2655; x_wconf 84' lang='lat' dir='ltr'><strong>singulae</strong></span> <span class='ocrx_word' id='word_1_166' title='bbox 837 2578 946 2654; x_wconf 85' lang='lat' dir='ltr'><strong>partes</strong></span> <span class='ocrx_word' id='word_1_167' title='bbox 963 2578 997 2636; x_wconf 90' lang='lat' dir='ltr'><strong>et</strong></span> <span class='ocrx_word' id='word_1_168' title='bbox 1012 2570 1286 2656; x_wconf 87' lang='lat' dir='ltr'><strong>sententiae,non</strong></span> 
     </span>
     <span class='ocr_line' id='line_1_23' title="bbox 165 2677 1285 2767; baseline 0.007 -25"><span class='ocrx_word' id='word_1_169' title='bbox 165 2677 286 2761; x_wconf 84' lang='lat' dir='ltr'><strong>ubique</strong></span> <span class='ocrx_word' id='word_1_170' title='bbox 307 2685 374 2742; x_wconf 87' lang='lat' dir='ltr'><strong>tam</strong></span> <span class='ocrx_word' id='word_1_171' title='bbox 395 2686 504 2762; x_wconf 87' lang='lat' dir='ltr'><strong>aptam</strong></span> <span class='ocrx_word' id='word_1_172' title='bbox 526 2697 598 2743; x_wconf 86' lang='lat' dir='ltr'><strong>esse</strong></span> <span class='ocrx_word' id='word_1_173' title='bbox 619 2685 654 2742; x_wconf 91' lang='lat' dir='ltr'><strong>et</strong></span> <span class='ocrx_word' id='word_1_174' title='bbox 674 2678 881 2760; x_wconf 90' lang='lat' dir='ltr'><strong>concinnam,</strong></span> <span class='ocrx_word' id='word_1_175' title='bbox 904 2681 983 2761; x_wconf 90' lang='lat' dir='ltr'><strong>quin</strong></span> <span class='ocrx_word' id='word_1_176' title='bbox 1005 2680 1231 2767; x_wconf 87' lang='lat' dir='ltr'><strong>suspicionem</strong></span> <span class='ocrx_word' id='word_1_177' title='bbox 1241 2682 1285 2749; x_wconf 84' lang='lat' dir='ltr'><strong>de</strong></span> 
     </span>
     <span class='ocr_line' id='line_1_24' title="bbox 163 2786 1285 2877; baseline 0.004 -22"><span class='ocrx_word' id='word_1_178' title='bbox 163 2786 275 2855; x_wconf 87' lang='lat' dir='ltr'><strong>multis</strong></span> <span class='ocrx_word' id='word_1_179' title='bbox 306 2786 404 2854; x_wconf 90' lang='lat' dir='ltr'><strong>rebus</strong></span> <span class='ocrx_word' id='word_1_180' title='bbox 435 2787 602 2872; x_wconf 87' lang='lat' dir='ltr'><strong>posterius</strong></span> <span class='ocrx_word' id='word_1_181' title='bbox 630 2787 766 2874; x_wconf 89' lang='lat' dir='ltr'><strong>abipso</strong></span> <span class='ocrx_word' id='word_1_182' title='bbox 794 2788 954 2874; x_wconf 86' lang='lat' dir='ltr'><strong>scriptore</strong></span> <span class='ocrx_word' id='word_1_183' title='bbox 975 2788 1109 2872; x_wconf 89' lang='lat' dir='ltr'><strong>additis,</strong></span> <span class='ocrx_word' id='word_1_184' title='bbox 1130 2793 1285 2877; x_wconf 87' lang='lat' dir='ltr'><strong>mutatis,</strong></span> 
     </span>
     <span class='ocr_line' id='line_1_25' title="bbox 164 2896 1285 2986; baseline 0.004 -20"><span class='ocrx_word' id='word_1_185' title='bbox 164 2898 371 2986; x_wconf 85' lang='lat' dir='ltr'><strong>pertractatis</strong></span> <span class='ocrx_word' id='word_1_186' title='bbox 403 2897 566 2981; x_wconf 88' lang='lat' dir='ltr'><strong>admittat,</strong></span> <span class='ocrx_word' id='word_1_187' title='bbox 594 2896 635 2962; x_wconf 83' lang='lat' dir='ltr'><strong>ad</strong></span> <span class='ocrx_word' id='word_1_188' title='bbox 660 2897 782 2964; x_wconf 84' lang='lat' dir='ltr'><strong>indicia</strong></span> <span class='ocrx_word' id='word_1_189' title='bbox 813 2899 987 2985; x_wconf 91' lang='lat' dir='ltr'><strong>temporis,</strong></span> <span class='ocrx_word' id='word_1_190' title='bbox 1014 2900 1043 2966; x_wconf 94' lang='lat' dir='ltr'><strong>si</strong></span> <span class='ocrx_word' id='word_1_191' title='bbox 1075 2921 1158 2986; x_wconf 89' lang='lat' dir='ltr'><strong>quae</strong></span> <span class='ocrx_word' id='word_1_192' title='bbox 1192 2903 1285 2970; x_wconf 86' lang='lat' dir='ltr'><strong>inve·</strong></span> 
     </span>
     <span class='ocr_line' id='line_1_26' title="bbox 164 3007 1285 3098; baseline 0.004 -22"><span class='ocrx_word' id='word_1_193' title='bbox 164 3011 304 3094; x_wconf 81' lang='lat' dir='ltr'><strong>riantur,</strong></span> <span class='ocrx_word' id='word_1_194' title='bbox 326 3008 544 3097; x_wconf 90' lang='lat' dir='ltr'><strong>perquirenda</strong></span> <span class='ocrx_word' id='word_1_195' title='bbox 565 3015 707 3075; x_wconf 88' lang='lat' dir='ltr'><strong>transeo.</strong></span> <span class='ocrx_word' id='word_1_196' title='bbox 750 3007 791 3074; x_wconf 91' lang='lat' dir='ltr'><strong>In</strong></span> <span class='ocrx_word' id='word_1_197' title='bbox 812 3008 872 3075; x_wconf 89' lang='lat' dir='ltr'><strong>bac</strong></span> <span class='ocrx_word' id='word_1_198' title='bbox 898 3009 1150 3098; x_wconf 83' lang='lat' dir='ltr'><strong>investigatione</strong></span> <span class='ocrx_word' id='word_1_199' title='bbox 1177 3035 1285 3098; x_wconf 85' lang='lat' dir='ltr'><strong>paene</strong></span> 
     </span>
     <span class='ocr_line' id='line_1_27' title="bbox 164 3116 1284 3208; baseline 0.004 -22"><span class='ocrx_word' id='word_1_200' title='bbox 164 3119 345 3186; x_wconf 85' lang='lat' dir='ltr'><strong>mirandum</strong></span> <span class='ocrx_word' id='word_1_201' title='bbox 365 3119 505 3201; x_wconf 85' lang='lat' dir='ltr'><strong>videtur,</strong></span> <span class='ocrx_word' id='word_1_202' title='bbox 526 3116 616 3202; x_wconf 91' lang='lat' dir='ltr'><strong>quod</strong></span> <span class='ocrx_word' id='word_1_203' title='bbox 636 3118 672 3183; x_wconf 90' lang='lat' dir='ltr'><strong>in</strong></span> <span class='ocrx_word' id='word_1_204' title='bbox 693 3125 783 3183; x_wconf 84' lang='lat' dir='ltr'><strong>tanta</strong></span> <span class='ocrx_word' id='word_1_205' title='bbox 808 3141 916 3185; x_wconf 91' lang='lat' dir='ltr'><strong>rerum</strong></span> <span class='ocrx_word' id='word_1_206' title='bbox 938 3121 1033 3206; x_wconf 88' lang='lat' dir='ltr'><strong>copia</strong></span> <span class='ocrx_word' id='word_1_207' title='bbox 1058 3122 1284 3208; x_wconf 84' lang='lat' dir='ltr'><strong>varietataque</strong></span> 
     </span>
     <span class='ocr_line' id='line_1_28' title="bbox 165 3225 1283 3319; baseline 0.004 -23"><span class='ocrx_word' id='word_1_208' title='bbox 165 3229 400 3315; x_wconf 89' lang='lat' dir='ltr'><strong>exemplorum,</strong></span> <span class='ocrx_word' id='word_1_209' title='bbox 427 3227 547 3313; x_wconf 89' lang='lat' dir='ltr'><strong>quibus</strong></span> <span class='ocrx_word' id='word_1_210' title='bbox 578 3225 696 3293; x_wconf 88' lang='lat' dir='ltr'><strong>haecce</strong></span> <span class='ocrx_word' id='word_1_211' title='bbox 723 3227 824 3293; x_wconf 82' lang='lat' dir='ltr'><strong>satira</strong></span> <span class='ocrx_word' id='word_1_212' title='bbox 857 3228 1014 3313; x_wconf 87' lang='lat' dir='ltr'><strong>abundat,</strong></span> <span class='ocrx_word' id='word_1_213' title='bbox 1042 3232 1186 3319; x_wconf 86' lang='lat' dir='ltr'><strong>vestigia</strong></span> <span class='ocrx_word' id='word_1_214' title='bbox 1213 3257 1283 3302; x_wconf 87' lang='lat' dir='ltr'><strong>non</strong></span> 
     </span>
     <span class='ocr_line' id='line_1_29' title="bbox 163 3338 1284 3425; baseline 0.004 -19"><span class='ocrx_word' id='word_1_215' title='bbox 163 3338 260 3406; x_wconf 83' lang='lat' dir='ltr'><strong>facile</strong></span> <span class='ocrx_word' id='word_1_216' title='bbox 282 3346 448 3421; x_wconf 90' lang='lat' dir='ltr'><strong>eruuntur,</strong></span> <span class='ocrx_word' id='word_1_217' title='bbox 476 3361 614 3425; x_wconf 89' lang='lat' dir='ltr'><strong>quorum</strong></span> <span class='ocrx_word' id='word_1_218' title='bbox 640 3359 703 3424; x_wconf 94' lang='lat' dir='ltr'><strong>ope</strong></span> <span class='ocrx_word' id='word_1_219' title='bbox 733 3338 907 3405; x_wconf 89' lang='lat' dir='ltr'><strong>certissimi</strong></span> <span class='ocrx_word' id='word_1_220' title='bbox 934 3339 1108 3425; x_wconf 89' lang='lat' dir='ltr'><strong>quidquam</strong></span> <span class='ocrx_word' id='word_1_221' title='bbox 1135 3341 1176 3408; x_wconf 89' lang='lat' dir='ltr'><strong>de</strong></span> <span class='ocrx_word' id='word_1_222' title='bbox 1204 3364 1284 3410; x_wconf 91' lang='lat' dir='ltr'><strong>oon·</strong></span> 
     </span>
     <span class='ocr_line' id='line_1_30' title="bbox 166 3446 1282 3534; baseline 0.001 -16"><span class='ocrx_word' id='word_1_223' title='bbox 166 3447 331 3518; x_wconf 83' lang='lat' dir='ltr'><strong>scribendi</strong></span> <span class='ocrx_word' id='word_1_224' title='bbox 362 3455 508 3532; x_wconf 86' lang='lat' dir='ltr'><strong>tempore</strong></span> <span class='ocrx_word' id='word_1_225' title='bbox 530 3469 720 3533; x_wconf 86' lang='lat' dir='ltr'><strong>expromere</strong></span> <span class='ocrx_word' id='word_1_226' title='bbox 746 3447 853 3514; x_wconf 91' lang='lat' dir='ltr'><strong>liceat.</strong></span> <span class='ocrx_word' id='word_1_227' title='bbox 896 3446 1127 3534; x_wconf 88' lang='lat' dir='ltr'><strong>Verumtamen</strong></span> <span class='ocrx_word' id='word_1_228' title='bbox 1152 3461 1187 3518; x_wconf 90' lang='lat' dir='ltr'><strong>et</strong></span> <span class='ocrx_word' id='word_1_229' title='bbox 1210 3476 1282 3520; x_wconf 87' lang='lat' dir='ltr'><strong>car-</strong></span> 
     </span>
     <span class='ocr_line' id='line_1_31' title="bbox 164 3559 1282 3647; baseline 0.002 -19"><span class='ocrx_word' id='word_1_230' title='bbox 164 3583 238 3628; x_wconf 89' lang='lat' dir='ltr'><strong>men</strong></span> <span class='ocrx_word' id='word_1_231' title='bbox 264 3569 332 3626; x_wconf 85' lang='lat' dir='ltr'><strong>tam</strong></span> <span class='ocrx_word' id='word_1_232' title='bbox 363 3559 497 3644; x_wconf 87' lang='lat' dir='ltr'><strong>longum</strong></span> <span class='ocrx_word' id='word_1_233' title='bbox 524 3581 590 3625; x_wconf 89' lang='lat' dir='ltr'><strong>non</strong></span> <span class='ocrx_word' id='word_1_234' title='bbox 615 3580 682 3623; x_wconf 88' lang='lat' dir='ltr'><strong>uno</strong></span> <span class='ocrx_word' id='word_1_235' title='bbox 709 3566 821 3624; x_wconf 89' lang='lat' dir='ltr'><strong>tenore</strong></span> <span class='ocrx_word' id='word_1_236' title='bbox 853 3562 1074 3646; x_wconf 90' lang='lat' dir='ltr'><strong>conscriptum</strong></span> <span class='ocrx_word' id='word_1_237' title='bbox 1105 3585 1199 3647; x_wconf 88' lang='lat' dir='ltr'><strong>esse,</strong></span> <span class='ocrx_word' id='word_1_238' title='bbox 1222 3563 1282 3632; x_wconf 90' lang='lat' dir='ltr'><strong>sed</strong></span> 
     </span>
     <span class='ocr_line' id='line_1_32' title="bbox 165 3667 1281 3759; baseline 0.004 -23"><span class='ocrx_word' id='word_1_239' title='bbox 165 3691 261 3757; x_wconf 82' lang='lat' dir='ltr'><strong>saepe</strong></span> <span class='ocrx_word' id='word_1_240' title='bbox 291 3670 510 3754; x_wconf 87' lang='lat' dir='ltr'><strong>interruptum</strong></span> <span class='ocrx_word' id='word_1_241' title='bbox 541 3667 713 3752; x_wconf 89' lang='lat' dir='ltr'><strong>denuoque</strong></span> <span class='ocrx_word' id='word_1_242' title='bbox 744 3667 930 3734; x_wconf 87' lang='lat' dir='ltr'><strong>inchoatum</strong></span> <span class='ocrx_word' id='word_1_243' title='bbox 962 3670 1094 3756; x_wconf 90' lang='lat' dir='ltr'><strong>aliquod</strong></span> <span class='ocrx_word' id='word_1_244' title='bbox 1120 3673 1281 3759; x_wconf 87' lang='lat' dir='ltr'><strong>temporis</strong></span> 
     </span>
     <span class='ocr_line' id='line_1_33' title="bbox 165 3778 1281 3868; baseline 0.006 -25"><span class='ocrx_word' id='word_1_245' title='bbox 165 3780 306 3865; x_wconf 88' lang='lat' dir='ltr'><strong>spatium</strong></span> <span class='ocrx_word' id='word_1_246' title='bbox 338 3778 513 3866; x_wconf 88' lang='lat' dir='ltr'><strong>complecti</strong></span> <span class='ocrx_word' id='word_1_247' title='bbox 544 3798 681 3846; x_wconf 86' lang='lat' dir='ltr'><strong>neeesse</strong></span> <span class='ocrx_word' id='word_1_248' title='bbox 711 3785 796 3861; x_wconf 90' lang='lat' dir='ltr'><strong>erat,</strong></span> <span class='ocrx_word' id='word_1_249' title='bbox 823 3787 857 3844; x_wconf 91' lang='lat' dir='ltr'><strong>et</strong></span> <span class='ocrx_word' id='word_1_250' title='bbox 882 3799 935 3846; x_wconf 90' lang='lat' dir='ltr'><strong>res</strong></span> <span class='ocrx_word' id='word_1_251' title='bbox 961 3778 1049 3865; x_wconf 89' lang='lat' dir='ltr'><strong>ipsa,</strong></span> <span class='ocrx_word' id='word_1_252' title='bbox 1075 3782 1112 3846; x_wconf 92' lang='lat' dir='ltr'><strong>in</strong></span> <span class='ocrx_word' id='word_1_253' title='bbox 1136 3805 1203 3868; x_wconf 89' lang='lat' dir='ltr'><strong>qna</strong></span> <span class='ocrx_word' id='word_1_254' title='bbox 1223 3782 1281 3850; x_wconf 89' lang='lat' dir='ltr'><strong>de·</strong></span> 
     </span>
     <span class='ocr_line' id='line_1_34' title="bbox 166 3886 1279 3974; baseline 0.004 -19"><span class='ocrx_word' id='word_1_255' title='bbox 166 3886 337 3955; x_wconf 82' lang='lat' dir='ltr'><strong>scribenda</strong></span> <span class='ocrx_word' id='word_1_256' title='bbox 368 3897 527 3971; x_wconf 79' lang='lat' dir='ltr'><strong>versatur,</strong></span> <span class='ocrx_word' id='word_1_257' title='bbox 560 3886 602 3952; x_wconf 86' lang='lat' dir='ltr'><strong>ad</strong></span> <span class='ocrx_word' id='word_1_258' title='bbox 633 3896 757 3954; x_wconf 89' lang='lat' dir='ltr'><strong>certum</strong></span> <span class='ocrx_word' id='word_1_259' title='bbox 789 3886 944 3974; x_wconf 84' lang='lat' dir='ltr'><strong>temporis</strong></span> <span class='ocrx_word' id='word_1_260' title='bbox 977 3889 1184 3956; x_wconf 83' lang='lat' dir='ltr'><strong>intervallum</strong></span> <span class='ocrx_word' id='word_1_261' title='bbox 1210 3916 1279 3959; x_wconf 91' lang='lat' dir='ltr'><strong>non</strong></span> 
     </span>
     <span class='ocr_line' id='line_1_35' title="bbox 164 3996 1280 4087; baseline 0.003 -23"><span class='ocrx_word' id='word_1_262' title='bbox 164 3996 347 4083; x_wconf 83' lang='lat' dir='ltr'><strong>pertinens,</strong></span> <span class='ocrx_word' id='word_1_263' title='bbox 369 3999 427 4067; x_wconf 91' lang='lat' dir='ltr'><strong>sed</strong></span> <span class='ocrx_word' id='word_1_264' title='bbox 444 4000 512 4086; x_wconf 83' lang='lat' dir='ltr'><strong>jam</strong></span> <span class='ocrx_word' id='word_1_265' title='bbox 533 3997 712 4065; x_wconf 80' lang='lat' dir='ltr'><strong>inveterata</strong></span> <span class='ocrx_word' id='word_1_266' title='bbox 733 4005 829 4085; x_wconf 87' lang='lat' dir='ltr'><strong>atque</strong></span> <span class='ocrx_word' id='word_1_267' title='bbox 850 3999 884 4062; x_wconf 92' lang='lat' dir='ltr'><strong>in</strong></span> <span class='ocrx_word' id='word_1_268' title='bbox 906 4005 1044 4064; x_wconf 87' lang='lat' dir='ltr'><strong>aetatem</strong></span> <span class='ocrx_word' id='word_1_269' title='bbox 1065 4000 1237 4087; x_wconf 90' lang='lat' dir='ltr'><strong>scriptoris</strong></span> <span class='ocrx_word' id='word_1_270' title='bbox 1259 4025 1280 4067; x_wconf 93' lang='lat' dir='ltr'><strong>e</strong></span> 
     </span>
     <span class='ocr_line' id='line_1_36' title="bbox 165 4107 1279 4198; baseline 0.003 -24"><span class='ocrx_word' id='word_1_271' title='bbox 165 4107 333 4194; x_wconf 83' lang='lat' dir='ltr'><strong>superiore</strong></span> <span class='ocrx_word' id='word_1_272' title='bbox 351 4109 534 4198; x_wconf 82' lang='lat' dir='ltr'><strong>redundans</strong></span> <span class='ocrx_word' id='word_1_273' title='bbox 556 4131 629 4176; x_wconf 86' lang='lat' dir='ltr'><strong>eum</strong></span> <span class='ocrx_word' id='word_1_274' title='bbox 651 4109 736 4176; x_wconf 87' lang='lat' dir='ltr'><strong>ultro</strong></span> <span class='ocrx_word' id='word_1_275' title='bbox 764 4107 938 4192; x_wconf 81' lang='lat' dir='ltr'><strong>invitabat,</strong></span> <span class='ocrx_word' id='word_1_276' title='bbox 960 4115 997 4173; x_wconf 89' lang='lat' dir='ltr'><strong>ut</strong></span> <span class='ocrx_word' id='word_1_277' title='bbox 1017 4129 1036 4173; x_wconf 92' lang='lat' dir='ltr'><strong>e</strong></span> <span class='ocrx_word' id='word_1_278' title='bbox 1056 4111 1221 4194; x_wconf 87' lang='lat' dir='ltr'><strong>praesenti</strong></span> <span class='ocrx_word' id='word_1_279' title='bbox 1242 4111 1279 4177; x_wconf 91' lang='lat' dir='ltr'><strong>in</strong></span> 
     </span>
    </p>
   </div>
   <div class='ocr_carea' id='block_1_3' title="bbox 78 4219 1277 4376">
    <p class='ocr_par' dir='ltr' id='par_1_4' title="bbox 78 4219 1277 4376">
     <span class='ocr_line' id='line_1_37' title="bbox 78 4219 1277 4376; baseline 0.003 -89"><span class='ocrx_word' id='word_1_280' title='bbox 78 4219 374 4376; x_wconf 54' lang='lat' dir='ltr'><strong>*praeteritum</strong></span> <span class='ocrx_word' id='word_1_281' title='bbox 404 4228 532 4308; x_wconf 85' lang='lat' dir='ltr'><strong>tempus</strong></span> <span class='ocrx_word' id='word_1_282' title='bbox 564 4219 790 4310; x_wconf 82' lang='lat' dir='ltr'><strong>regrederetur</strong></span> <span class='ocrx_word' id='word_1_283' title='bbox 815 4227 848 4286; x_wconf 88' lang='lat' dir='ltr'><strong>et</strong></span> <span class='ocrx_word' id='word_1_284' title='bbox 874 4235 1008 4306; x_wconf 86' lang='lat' dir='ltr'><strong>munus,</strong></span> <span class='ocrx_word' id='word_1_285' title='bbox 1029 4225 1068 4285; x_wconf 90' lang='lat' dir='ltr'><strong>ut</strong></span> <span class='ocrx_word' id='word_1_286' title='bbox 1079 4219 1133 4286; x_wconf 82' lang='lat' dir='ltr'><strong>ita</strong></span> <span class='ocrx_word' id='word_1_287' title='bbox 1152 4220 1277 4306; x_wconf 87' lang='lat' dir='ltr'><strong>dicam,</strong></span> 
     </span>
    </p>
   </div>
   <div class='ocr_carea' id='block_1_4' title="bbox 0 0 1366 4658">
    <p class='ocr_par' dir='ltr' id='par_1_5' title="bbox 0 0 1366 4658">
     <span class='ocr_line' id='line_1_38' title="bbox 0 0 1366 4658; baseline 0 0"><span class='ocrx_word' id='word_1_288' title='bbox 0 0 1366 4658; x_wconf 95' lang='lat' dir='ltr'><strong> </strong></span> 
     </span>
    </p>
   </div>
  </div>
 </body>
</html>
