2722 4658
136 208 178 268 20

97 395 137 458 ab
159 392 383 475 antiquissimo
413 389 547 453 vitarum
575 390 663 452 fonte
691 397 880 473 propagata.
931 387 1005 452 dam
1034 407 1219 473 pergamus

97 503 138 567 ad
160 499 292 587 reliqua.
484 575 488 595 .

123 621 127 626 “
200 611 255 679 Sic
282 614 316 676 in
344 609 503 675 narrando
530 608 736 694 persequitur
763 608 830 671 rita
856 605 1077 673 le.Printa
1105 619 1221 673 aetate

97 725 204 799 siluit,
232 723 275 788 od
302 721 439 786 mediam
456 720 531 804 sere
558 730 691 783 oetatem
719 717 923 806 declamauit,
951 718 1033 782 uude
1062 730 1092 782 et
1117 721 1223 803 quoni

93 835 154 900 ‘utu
185 835 299 899 tacuit.
353 830 458 914 Quem
489 828 596 895 looum
631 829 725 894 valde
757 838 940 893 tortuosum
974 837 1007 892 et
1034 828 1221 894 obscurum

96 945 236 1011 reddunt
268 943 348 1009 haee
364 939 494 1007 'verbor
526 940 607 1006 uude
631 952 661 1004 et
683 942 776 1025 quasi
808 940 866 1004 diu
899 942 1014 1020 tacuit,
1046 961 1132 1022 quae
1167 948 1238 1006 ta-.

97 1054 141 1120 lia
172 1077 245 1121 esse
278 1053 458 1133 videantur,
490 1063 527 1116 ut
552 1053 607 1116 vix
630 1049 779 1137 'intelligi
811 1042 949 1136 possint.
1000 1051 1052 1113 Ao
1086 1058 1235 1132 tamen,.

96 1164 177 1248 quid
199 1164 306 1230 animo
335 1162 503 1247 seripturis
531 1161 739 1226 obversatum
766 1140 878 1245 fuerit,
907 1163 1094 1246 conjectura
1123 1181 1222 1226 asse·

96 1277 152 1358 qui
174 1273 260 1339 haud
281 1272 412 1339 difficile
434 1293 507 1337 esse
529 1269 677 1354 arbitror.
721 1267 817 1336 Hane
845 1272 888 1336 ob
911 1293 1040 1336 oausam
1063 1280 1120 1335 aut
1144 1294 1222 1336 mu·

96 1385 187 1450 tandi
219 1393 287 1449 aut'
304 1380 491 1469 amputandi
523 1380 647 1446 medela
678 1380 754 1446 huie
785 1381 859 1446 loco
892 1382 1021 1445 minime
1054 1380 1222 1446 adhiben-

96 1495 138 1560 da
170 1503 234 1579 est,
268 1495 320 1559 eui
352 1512 418 1559 non
451 1490 552 1555 multo
589 1491 703 1557 melius
736 1491 806 1571 fiet,
847 1491 876 1557 si
907 1491 982 1556 iude
1015 1490 1122 1577 primo
1160 1490 1220 1556 hio

96 1607 253 1692 seriptum
274 1606 390 1685 fuisse,
415 1603 473 1670 sed
495 1604 535 1669 ab
557 1603 709 1689 imperito
726 1603 881 1688 quodam,
905 1601 961 1687 qui
983 1601 1067 1665 uada
1089 1624 1154 1686 pro
1180 1623 1223 1668 ex

95 1738 155 1802 quo
175 1729 317 1801 tempore
339 1715 404 1779 dici
425 1735 491 1778 non
508 1703 607 1799 possd
623 1713 790 1795 nescierit,
807 1722 963 1777 mutatum
979 1735 1068 1793 esse,
1081 1718 1117 1775 ut
1139 1733 1221 1777 sen·

63 1913 65 1921 y
94 1827 214 1892 tentias
242 1825 361 1889 arctius
394 1824 478 1888 inter
500 1844 535 1887 se
563 1832 786 1905 connecteret,
815 1833 910 1907 atque
933 1844 1004 1888 roo.
1028 1823 1123 1906 quusi
1160 1840 1221 1889 eo-

96 1934 169 2001 dem
201 1933 315 2015 modo,
353 1956 416 2018 quo
451 1942 501 2017 ap'.
534 1932 624 2000 Suet.
659 1926 732 2000 Cal.
767 1936 822 1998 58:
862 1934 944 1998 liora
981 1933 1075 2018 quasi
1112 1938 1220 2020 eapti-

95 2068 148 2109 ma
175 2046 209 2111 in
242 2043 408 2110 nonnullis
435 2042 518 2124 eod,
552 2053 585 2108 et
616 2065 667 2126 ap.
691 2037 762 2109 Cio.
785 2041 844 2110 Or.
874 2043 931 2108 13:
964 2044 1058 2128 quusi
1090 2045 1128 2106 ia
1165 2067 1221 2110 ea-

96 2169 199 2221 tromu
229 2147 358 2241 poyiaa
391 2163 424 2217 et
457 2175 508 2238 ap.
535 2151 640 2216 Plaut.
670 2145 766 2239 Oapt.
794 2155 878 2239 prol.
906 2154 962 2218 20:
1001 2155 1078 2245 quio
1118 2159 1223 2239 quasi

95 2280 161 2331 aaa
183 2277 270 2332 uetus
293 2276 364 2330 erut
391 2285 450 2347 pro
477 2262 572 2350 fora,
607 2263 748 2344 circiter,
782 2274 972 2348 usurpatum
1006 2285 1078 2330 esse
1112 2266 1219 2333 nobis

95 2376 365 2460 persuaserimus‚
392 2384 441 2438 ut·
456 2375 549 2458 qenai
575 2373 633 2437 diu
659 2373 744 2438 idem
766 2375 833 2439 fere
860 2362 933 2440 esse'
949 2379 1091 2459 'putetur
1113 2381 1219 2462 atque

96 2489 176 2551 satie
198 2486 264 2551 diu.
297 2484 435 2550 Minime
457 2507 546 2564 vero,
567 2491 604 2546 ut
625 2484 696 2548 vult
717 2483 896 2550 Franokius
912 2507 944 2570 p.
962 2483 1013 2562 19,
1035 2483 1221 2553 recidenda

97 2605 175 2660 sunt
200 2595 314 2659 verba:
346 2593 537 2656 declamavit
562 2593 644 2657 uncle
672 2606 702 2658 et
726 2596 823 2678 'quani
844 2594 900 2657 diu
923 2595 1025 2659 tacuit
1046 2600 1219 2677 tamquam

38 2761 40 2764 Α
96 2704 259 2789 glossema
279 2702 312 2766 iu
335 2701 483 2787 margine
501 2701 542 2765 ad
569 2702 661 2767 oiluit
688 2704 886 2786 appositum,
914 2707 972 2768 ”ne
996 2701 1113 2768 silendi
1139 2729 1219 2772 ver·

98 2814 172 2880 bum
199 2811 331 2900 proprie
363 2812 593 2897 acciperetur.''
637 2813 721 2878 Nam
754 2814 867 2879 verba:
901 2814 944 2877 ud
971 2812 1108 2877 mediam
1133 2815 1218 2900 fere

97 2928 138 3008 (a.
153 2924 276 3012 ferme)
300 2934 436 2988 oetatem
457 2922 647 2988 declamavit
667 2925 701 2989 in
725 2924 873 3004 omnibus
890 2924 957 2988 iere
980 2922 1057 2990 vitis
1079 2923 1216 3013 integra

98 3035 149 3100 vel
170 3033 288 3099 leviter
308 3042 444 3114 mutata,
468 3042 503 3098 ut
518 3035 622 3119 prima
638 3058 748 3100 eorum
772 3035 871 3101 facies
889 3037 956 3119 jam
971 3033 1090 3116 ubique
1108 3059 1216 3122 agno·

97 3144 210 3239 suatur*
239 3146 295 3227 (ut¹
322 3145 356 3208 in
390 3134 469 3211 vitis
496 3145 580 3208 infra
601 3137 765 3210 annotatis
792 3169 842 3230 ap.
872 3139 970 3210 Cren.
993 3152 1026 3207 et
1052 3143 1214 3236 Pintzg.)‚

96 3262 240 3333 exstant,
273 3273 368 3334 quam
394 3253 436 3317 ob
463 3266 593 3320 eausam
619 3255 653 3319 in
685 3254 748 3337 eis,
781 3263 893 3339 utpote
920 3254 954 3317 in
981 3253 1212 3338 antiquissimo

96 3364 185 3430 fonte
207 3363 351 3443 traditis,
379 3362 553 3448 quidquam
580 3375 703 3430 mutare
731 3373 786 3429 aut
812 3362 918 3430 delere
947 3365 1132 3447 neutiquam
1155 3369 1212 3436 fas

96 3486 155 3541 est.
202 3471 266 3537 His
288 3471 384 3536 rebus
407 3473 453 3537 ita
475 3474 668 3559 comparatis
684 3473 772 3537 'nihil
795 3472 882 3537 aliud
904 3473 1042 3559 relinqui
1065 3475 1213 3563 videtur,

95 3584 158 3648 nisi
185 3593 221 3647 ut
254 3579 333 3646 haee
365 3582 478 3665 verba5
512 3582 779 3668 quemadmodum
812 3582 844 3648 in
879 3584 946 3648 vita
966 3581 1020 3646 III
1041 3578 1211 3671 leguntur,
1272 3567 1277 3577 ¹

96 3694 290 3758 retineamus
323 3701 417 3777 atque
445 3692 678 3779 interpretandi
705 3692 849 3761 subsidia
877 3715 916 3772 ex
943 3695 1082 3758 vitarum
1110 3706 1211 3764 antea

96 3801 314 3892 exhibitarum·
342 3802 581 3888 comparatione
614 3813 772 3889 petamus.
821 3803 919 3869 Haud
955 3804 1090 3871 obscure
1119 3808 1210 3875 euim

96 3912 230 3978 eandem
252 3906 445 3981 senteutiam
473 3935 513 3978 ex
540 3913 587 3979 eis
616 3915 741 3979 eluoere
767 3924 857 3998 puto,
887 3936 983 3998 quam
1010 3916 1057 3982 sio
1078 3920 1212 4002 profert

119 4021 164 4119 fta
184 4020 217 4092 It
239 4035 270 4089 et
291 4035 396 4089 tamea
416 4025 491 4089 leue
513 4003 569 4087 diu
591 4045 628 4087 ne
649 4023 772 4088 modion
790 4023 915 4109 quidem
933 4023 1210 4122 auditoqoquic.

31 4018 406 4380 &cummium
428 4145 474 4200 ert
495 4155 599 4217 auaui,
623 4155 813 4218 quamquam
831 4133 934 4199 oratio
950 4133 1109 4200 violenter
1125 4159 1209 4206 eonb

31 4304 65 4368 d.

156 4238 160 4255 '
202 4288 213 4325 ,
234 4256 286 4311 res
308 4245 398 4329 ipsae
421 4244 509 4312 velut
530 4243 736 4312 adumbratae
753 4259 843 4326 sunt,
865 4252 901 4308 ut
921 4245 1085 4314 reticuerit
1101 4247 1210 4336 serip-
