2722 4658
190 175 231 247 22

279 423 281 427 ,
302 370 334 420 In
351 369 463 434 populos
479 381 627 433 magnoque
645 363 701 417 illic
719 372 812 418 cuncta
830 379 895 417 arva
911 363 994 417 teneri

302 454 419 523 Diluvio,
437 465 530 511 nutare
548 459 637 521 urbes,
654 459 789 509 subsidere
806 466 903 520 terras,

305 551 515 619 Quocunque'in
532 553 618 613 trivio,
638 553 782 617 cuicunque
800 559 840 601 est
857 549 947 614 obvia,
964 558 1065 612 narrat,

151 694 239 753 reete
260 695 372 753 essent
391 685 568 767 referendi,
591 682 684 748 multi
706 682 796 748 dubii
817 681 1002 750 haeserunt
1019 663 1181 751 'Scilicet
1197 677 1278 748 stet·

152 795 217 863 lam
245 794 393 862 crinitam
420 795 473 862 his
501 793 704 881 temporibus
725 801 804 878 post
825 814 877 857 an.
901 792 941 856 79
963 791 1069 878 (Suet.
1092 787 1200 878 Vesp.
1220 791 1278 880 23)

151 928 218 973 non
240 904 431 992 apparuisse
453 897 567 970 dicunt
588 913 620 970 et
642 927 703 972 nos
726 911 793 968 tam
813 900 1050 970 formidolosos
1071 908 1179 966 terrae
1198 924 1275 968 mo-

154 1026 207 1084 tus
230 1015 265 1080 in
287 1015 413 1080 oriente
435 1014 587 1101 cognitos
609 1036 676 1079 non
697 1011 819 1078 habere
842 1019 917 1076 ante
939 1033 990 1076 an.
1004 1011 1076 1094 115,
1099 1029 1168 1095 quo
1188 1032 1277 1077 anno

151 1125 329 1194 violentam
340 1144 448 1189 rerum
461 1132 595 1190 naturae
606 1123 733 1189 ruinam
743 1121 818 1187 urbi
827 1120 1029 1187 Antiochiae
1040 1120 1192 1207 locisque
1203 1120 1279 1188 urbi

151 1233 346 1323 propinquis
362 1254 513 1320 magnam
536 1232 659 1298 cladem
683 1229 833 1298 attulisse
850 1239 949 1315 atque
966 1231 1075 1316 ipsum
1091 1231 1279 1317 prinoipem

152 1343 327 1430 Trajanum
346 1343 392 1409 ibi
409 1351 593 1410 versantem
612 1342 647 1407 iu
668 1342 754 1407 vitae
774 1340 949 1408 discrimen
967 1340 1147 1408 adduxisse
1168 1351 1280 1408 narrat

153 1454 220 1524 Dio
233 1449 372 1522 Cassius
384 1448 542 1522 LXVIII
552 1451 689 1516 24-25.
711 1452 802 1537 Quas
814 1473 866 1518 res
878 1461 944 1517 tam
955 1451 1056 1539 longo
1067 1461 1220 1539 tempore
1232 1454 1280 1519 in·

155 1574 205 1632 ter
221 1586 257 1633 se
268 1564 450 1652 disjunctas
462 1562 655 1630 Juvenalem
666 1563 700 1628 h.
712 1563 733 1627 l.
745 1585 943 1629 memorasse
954 1561 1047 1628 multi
1058 1560 1281 1630 crediderunt

153 1664 246 1742 Idem
272 1674 411 1742 credidit
431 1673 649 1756 Ribbeckius‚
684 1672 772 1757 quod
799 1673 862 1738 fuit
888 1674 975 1740 inter
1000 1686 1144 1755 causes,
1158 1672 1281 1758 quibus

154 1793 337 1854 commotus
359 1808 389 1851 v.
414 1783 582 1848 sss-412
609 1792 774 1866 tamquam
796 1782 958 1850 ,Iuvenale
985 1782 1140 1871 indignos
1164 1785 1284 1870 rejecit

154 1895 204 1980 (p.
229 1892 317 1980 173).
350 1892 417 1962 Sed
437 1887 537 1983 longe
558 1892 653 1958 aliter
673 1890 755 1956 mibi
775 1892 873 1979 hujus
895 1892 962 1958 loci
983 1892 1067 1959 ratio
1090 1903 1283 1979 comparata

154 2002 294 2071 videtur.
338 2003 532 2070 Heinriohio
564 2002 661 2089 plane
695 2002 844 2089 equidem
876 2003 1049 2083 assentior,
1076 2003 1134 2088 qui
1162 1999 1218 2069 bio
1241 2005 1283 2071 de

125 2125 127 2131 '
155 2115 342 2183 rumoribus
370 2096 494 2180 temere'
517 2113 603 2180 fictis
630 2133 691 2178 noc
713 2111 755 2177 ad
781 2133 875 2178 veras
897 2134 951 2179 res
974 2111 1201 2198 spectantibus
1223 2115 1284 2202 agi

155 2247 197 2291 ex
213 2224 339 2290 verbis:
361 2223 538 2308 ”quosdam
554 2221 653 2288 facit'’
669 2230 774 2304 recte,
790 2231 828 2287 ut
843 2221 970 2308 opinor,
988 2221 1123 2310 collegit
1133 2214 1284 2310 (Oomm.

153 2352 189 2421 p.
210 2334 299 2421 257).
331 2332 419 2400 Nam
440 2343 567 2399 tantum
587 2333 705 2400 abesse
727 2333 836 2416 oredo,
857 2340 896 2397 ut
915 2341 1015 2419 poeta
1030 2332 1184 2399 mulieres
1206 2333 1284 2402 illas

156 2445 334 2529 derebus,
356 2467 438 2530 quae
460 2467 575 2512 revera
596 2445 810 2529 accidissent,
832 2443 1081 2510 confabulantes
1097 2442 1208 2511 facere
1224 2467 1285 2511 vo·

155 2550 268 2639 luerit,
289 2564 327 2620 ut
349 2577 445 2637 quam
472 2554 609 2619 maxime
641 2554 794 2620 consulto
828 2554 976 2641 exempla
1003 2563 1069 2620 tam
1099 2553 1285 2642 longinqua

159 2662 298 2748 elegerit
318 2685 356 2726 ac
378 2662 457 2727 talia
478 2666 623 2747 insuper,
646 2684 728 2745 quae
749 2685 810 2747 per
832 2687 867 2729 se
888 2686 1003 2750 parum
1025 2663 1213 2751 probabilia
1233 2665 1284 2732 vi-

159 2772 313 2840 derentur
345 2770 484 2856 ideoque
516 2772 676 2856 imprimis
704 2783 781 2859 apta
806 2780 919 2839 essent
945 2772 987 2838 ad
1009 2775 1153 2842 studium
1175 2784 1212 2843 et
1232 2799 1284 2843 ar·

160 2884 274 2951 dorem
301 2884 436 2950 istarum
463 2905 502 2948 eo
531 2881 674 2949 vividius
702 2882 954 2972 depingendum.
998 2883 1074 2968 Qua
1092 2885 1127 2951 in
1148 2909 1187 2952 re
1208 2909 1284 2953 acu-

160 2996 248 3061 mina
279 2990 376 3081 hujus
403 2993 469 3059 looi
503 2992 634 3059 omnino
665 2992 820 3078 ponenda
851 3016 925 3070 esse
953 3016 1081 3062 censeo.
1124 2995 1280 3076 Fortuito

162 3105 233 3172 sine
266 3104 366 3170 dubio
399 3105 612 3186 factumest,
644 3114 682 3166 ut
712 3105 856 3171 narratio
883 3105 1004 3172 Dionis
1026 3108 1059 3171 iu
1082 3127 1111 3172 o.
1133 3107 1175 3170 25
1198 3117 1283 3174 extr.

162 3220 228 3278 tam
250 3212 397 3299 proxime
415 3212 466 3279 ‚ad
493 3210 737 3280 similitudinem
762 3237 870 3280 rerum
892 3237 911 3279 a
933 3215 1095 3283 ,Iuvenale
1121 3239 1282 3285 memora·

163 3322 443 3395 tarumaccedere
466 3324 625 3390 videatur.
668 3323 705 3392 Si
727 3347 806 3390 vero
828 3326 909 3391 baec
931 3326 1079 3393 scribens
1107 3326 1148 3393 de
1176 3329 1281 3396 ruinis

162 3427 230 3521 illis
251 3431 471 3500 Antiochenis
492 3441 570 3500 tunc
591 3434 825 3502 recentissimis
843 3436 1036 3523 cogitasset,
1058 3459 1116 3502 our
1138 3461 1206 3503 uon
1228 3460 1281 3504 so-

163 3539 232 3612 lum
253 3561 319 3610 nou
341 3551 392 3609 tot
417 3538 584 3610 hominum
616 3539 757 3627 cladem,
785 3542 843 3611 sed
869 3568 910 3612 ne
936 3545 1116 3632 periculum
1148 3544 1280 3634 quidem

164 3651 387 3741 imperatoris,
420 3658 485 3738 quo
522 3651 680 3740 imprimis
718 3675 865 3722 rumores
902 3666 1112 3723 moverentur
1143 3679 1280 3724 necesse

166 3764 244 3846 fuit,
275 3771 511 3831 memoraturus
542 3764 641 3830 fuerit
673 3764 813 3853 intelligi
845 3767 968 3849 nequit.
1032 3761 1104 3832 Nec
1135 3776 1280 3854 praeter·

165 3865 357 3942 mittendum
383 3883 434 3941 est
458 3869 570 3947 fiotum
592 3896 709 3941 nomen
730 3873 904 3961 Niphatis,
931 3876 1020 3962 quod
1048 3875 1135 3960 apud
1163 3886 1279 3963 poetas

167 3982 325 4070 quosdam
346 3983 466 4050 flumen
488 3979 668 4070 significat3
689 4008 803 4051 revera
824 4006 941 4052 nomen
963 3986 1083 4050 montis
1105 3996 1175 4053 erat
1198 3987 1277 4076 (vid.

210 4090 405 4169 'tscherliob
427 4094 468 4159 ad
495 4089 579 4159 Hor.
603 4093 655 4158 od.
677 4089 753 4159 119
777 4095 844 4183 20).
887 4095 1003 4181 Itaque
1025 4096 1081 4162 vix
1107 4097 1278 4183 quisquam

103 4091 346 4359 'Necte
372 4205 595 4289 persuadebit,
617 4204 810 4273 iuvenalem
836 4209 870 4274 in
898 4207 985 4275 veris
1006 4208 1136 4275 casibus
1158 4207 1279 4276 descri-

218 4319 232 4360 r
