2722 4658
224 223 264 287 58
360 318 363 321 .

181 429 243 476 nec
262 405 387 477 idcirco
408 426 483 472 eum
503 427 544 471 ex
564 401 623 470 illo
644 411 790 490 tempore
811 403 847 468 in
867 402 933 469 boc
953 410 1092 470 mentem
1108 403 1217 470 solum
1238 404 1309 471 im·

180 525 260 605 patu
282 514 414 584 satirico
435 513 591 582 imbutam
611 513 843 607 materiamque
865 519 973 580 mente
993 521 1154 580 recoctam
1174 522 1210 580 et
1231 539 1303 582 ma-

124 690 133 701 ,
181 637 302 713 turam,
324 626 384 694 sad
405 627 502 692 etiam
522 623 624 691 multa
643 624 832 711 scriptione:
847 622 1012 691 elaborata
1027 633 1060 691 et
1080 625 1227 712 perfecta
1247 649 1304 694 re·

179 737 297 805 tulisse
319 734 452 804 credere
472 741 725 802 consentaneum
746 743 806 801 est.
850 734 1016 801 Ponamus
1042 735 1143 823 igitur
1164 744 1302 822 oportet

180 847 295 914 miram
315 847 405 912 illam
427 846 468 913 ad
489 847 600 933 priora
624 854 772 932 tempora
793 845 894 929 quasi
920 843 963 911 ad
987 845 1172 932 praesentia
1193 846 1304 932 respi-

111 968 115 981 ‘
180 957 290 1026 ciendi
311 955 579 1023 consuetudinem
599 955 634 1021 in
654 956 718 1022 hac
738 956 816 1042 ipsa·
838 955 1002 1042 temporis
1023 955 1195 1022 satirarum
1218 957 1301 1024 scri·

181 1066 360 1136 bendarum
392 1065 650 1151 edendarumque
672 1064 827 1131 distantia
852 1073 893 1161 et
911 1063 1114 1150 diversitate,
1140 1074 1193 1148 ut,
1215 1087 1302 1152 quae

180 1188 277 1246 antea
297 1176 552 1264 conscripserat,
572 1197 612 1244 ea
632 1175 713 1262 plus.
728 1175 883 1243 minusve
897 1176 1032 1242 immota
1054 1184 1133 1262 post
1153 1176 1300 1264 plurium

181 1310 339 1358 annorum
370 1287 576 1354 intervallum
603 1284 649 1351 ab¹
671 1308 710 1352 eo
737 1285 826 1352 edita
851 1307 931 1354 esse·
952 1285 1171 1354 arbitremur»
1197 1287 1298 1374 Quod

179 1391 340 1487 imprimis
362 1399 410 1467 eis
430 1397 514 1465 locis
536 1397 755 1484 conspicuum
771 1404 838 1480 est,
864 1397 900 1463 in
921 1396 1040 1482 quibus
1067 1419 1103 1464 so
1124 1395 1166 1462 ad
1187 1421 1298 1466 mores

178 1509 330 1596 publicos
353 1517 386 1574 et
406 1508 554 1576 homines
577 1507 751 1593 superiore
767 1516 920 1594 tempore
934 1507 1125 1575 notissimos
1141 1515 1243 1606 atque
1263 1508 1299 1574 in

179 1619 312 1707 publico
333 1620 483 1686 viventes
504 1617 715 1686 denotandos-
730 1618 912 1698 convertit,
927 1626 1042 1685 contra
1057 1617 1099 1683 ad
1119 1618 1209 1684 vitae
1231 1618 1299 1706 pri·

180 1721 275 1798 valae
302 1730 582 1813 depravationem,
609 1729 762 1816 qualisa
782 1729 950 1797 «Iuvenale
970 1726 1058 1796 haud
1083 1751 1159 1796 raro
1181 1729 1299 1817 depin-

99 1830 103 1842 ’
180 1849 287 1928 gatur,
318 1836 546 1906 illustrandam
577 1841 705 1927 optimev
726 1841 796 1907 sine
828 1841 936 1907 dubio
955 1839 1086 1906 valeant
1112 1840 1216 1907 verba
1241 1843 1298 1909 illa

172 1948 354 2038 Madvigii.
398 1946 567 2016 Remansit
588 1950 679 2017 enim.
696 1948 783 2015 haec:
798 1949 911 2016 eadem
935 1949 990 2016 vel
1015 1945 1085 2017 non¹
1102 1952 1243 2019 multum
1263 1955 1297 2021 in

179 2059 296 2127 melius
322 2059 471 2144 redacta,
503 2055 659 2144 quanvis
685 2058 817 2144 quidem
842 2060 948 2126 lucem
973 2060 1124 2127 nonnihil
1144 2063 1297 2152 refugere

180 2170 334 2258 atquem
354 2169 497 2237 tenebris
521 2191 556 2237 se
582 2169 694 2258 magis·
714 2168 840 2237 abdera
855 2178 968 2236 coacta
995 2157 1055 2257 sit,
1080 2194 1178 2257 quam
1200 2197 1297 2263 supe·

181 2281 325 2348 rioribus
357 2281 576 2368 temporibus3
608 2281 668 2348 sed
693 2281 769 2349 inde
795 2281 894 2348 vivas
916 2302 1023 2349 voces.
1043 2281 1196 2370 duxerat,
1219 2286 1296 2353 inde

178 2413 283 2478 usque
312 2391 439 2464 *animus
460 2394 531 2478 ejus
552 2392 694 2480 ingenua
724 2391 773 2457 ira
800 2399 834 2458 et
859 2391 1084 2480 indignatione
1115 2394 1296 2480 ferebatur;

178 2501 360 2592 beatissimi
380 2524 459 2568 vero
483 2501 585 2569 seculi
607 2509 702 2585 ortu,
719 2522 823 2585 quum
839 2502 985 2568 animum,
1001 2503 1108 2569 redire
1128 2512 1163 2570 et
1184 2503 1296 2594 Traja-

179 2633 258 2678 num
278 2611 466 2676 felicitatem
487 2618 669 2695 temporum
690 2610 843 2694 quotidie·
857 2633 979 2700 augere
999 2611 1131 2681 Tacitus
1152 2615 1189 2680 in
1210 2617 1294 2705 Agr.

179 2723 370 2802 2=teststur,
392 2718 505 2786 eodem
526 2727 686 2805 tempore,
709 2740 781 2803 quo.
800 2720 984 2808 principem,
1006 2746 1027 2789 a
1048 2731 1163 2790 senatu
1190 2729 1315 2815 ”opti·

178 2831 242 2926 mi'’
274 2828 469 2921 cognomine
502 2836 651 2896 ornatum
684 2814 823 2897 summis.
849 2833 1039 2917 meritisque
1075 2833 1228 2903 laudibus
1261 2839 1295 2904 in

179 2925 306 3008 coelum
325 2938 461 3009 sustulit
481 2937 626 3025 Plinius,
647 2941 735 3007 acris
752 2941 810 3010 illa
832 2943 957 3015 satirici
983 2931 1092 3039 etiam
1105 2955 1224 3032 poetae
1245 2949 1295 3014 in·
1350 3029 1351 3036 ἵ

175 3050 325 3139 dignatio
347 3049 496 3117 nonnihil
522 3049 664 3137 mitigari
690 3051 870 3138 laetiorque
897 3076 1005 3120 rerum
1031 3062 1065 3120 et
1085 3077 1217 3124 morum,
1234 3080 1298 3145 pu·-

179 3158 340 3225 blicorum
360 3161 469 3247 imago
490 3161 634 3228 animum
654 3163 724 3248 ejus
751 3171 837 3229 certe
863 3164 985 3230 intrare
1011 3163 1140 3248 debuit,
1162 3167 1195 3234 si
1213 3177 1294 3236 tunc

177 3269 318 3357 primum
340 3269 481 3337 scribere
498 3270 677 3357 coepisset.
800 3311 809 3322 -

279 3377 345 3446 His
367 3367 464 3445 rebus
485 3381 533 3450 ita
554 3381 714 3468 expositis
740 3381 827 3448 effici
842 3391 1018 3471 putamus,
1045 3394 1100 3471 ut,
1122 3410 1223 3474 quum
1244 3392 1292 3457 ul·

174 3489 257 3556 tima
288 3489 458 3576 scriptoris
490 3511 605 3557 manus
638 3492 715 3557 huic
748 3494 866 3560 satirae
898 3497 1082 3578 accederet,
1114 3499 1144 3566 is
1176 3500 1219 3564 in
1241 3524 1292 3570 sa-

82 3611 84 3617 ’
177 3600 251 3667 tiris
273 3599 519 3668 conscribendis
549 3603 673 3687 jamdiu
698 3613 847 3670 versatus
874 3629 942 3672 non
968 3614 1093 3673 tantum
1125 3610 1292 3678 scribendi

176 3711 344 3777 materiam
367 3710 434 3777 sibi
459 3718 619 3798 paratam,
648 3715 706 3780 sed
732 3716 830 3782 etiam
856 3736 955 3783 unum
982 3717 1036 3784 vol
1061 3719 1198 3786 alterum
1220 3743 1291 3790 car·

178 3839 252 3886 men
273 3821 440 3890 conditum
460 3819 619 3888 habuerit.
661 3823 787 3914 Aperte
808 3847 936 3914 quoque
957 3850 1071 3896 versus
1094 3828 1236 3897 85-86:

313 3949 446 4017 Quidquid
463 3959 546 4018 agunt
562 3952 694 4020 homines,
710 3937 915 4023 comminor,
932 3960 986 4022 ira,
1002 3961 1134 4031 voluptas,

313 4041 430 4107 Gaudia,
448 4044 590 4112 discursus,
607 4051 689 4099 nostri
705 4050 812 4116 farrago
828 4051 911 4105 libelli
928 4059 980 4116 ast,
1079 4067 1082 4071 '

179 4156 216 4214 ut
235 4147 416 4218 rectissime
443 4128 547 4220 docet
560 4153 741 4224 Franokius
762 4156 785 4226 l.
807 4179 835 4224 c.
857 4182 890 4247 p.
914 4161 989 4243 128,
1011 4167 1062 4226 tot
1079 4164 1147 4249 jam
1168 4164 1289 4232 satiras

180 4258 344 4330 absolutas
376 4262 479 4332 fuisse
511 4262 690 4376 declarant,
721 4271 776 4334 ”ut
806 4276 910 4339 totum
942 4270 1111 4342 effecerint
1141 4272 1290 4344 libellum
