2722 4658
1145 259 1183 321 19

118 436 212 510 niunt
234 467 293 511 nec
316 456 381 509 tam
403 431 501 529 longe
524 465 542 505 a
563 463 651 521 vero,
680 449 779 526 quant
781 464 832 506 um
860 443 894 507 id
921 464 1006 508 nunc
1029 446 1111 510 scire
1133 443 1225 529 licet,

119 555 303 639 discrepare
335 563 426 639 patet
413 551 650 617 tsententiam
683 554 767 637 ejus,
803 552 949 672 quisquis
977 546 1052 637 fuit,
1080 555 1136 638 qui
1162 578 1227 621 me·

119 653 205 728 diam
228 664 294 729 fare
316 663 487 730 luvenalis
514 671 650 726 aetatem
676 662 710 725 in
737 647 881 747 tempora
907 661 1050 755 Neronis
1072 665 1227 755 incidisse

120 789 255 860 eumque
276 775 386 859 ipsum
407 772 507 838 illist
494 772 693 872 temporibus
716 794 847 870 operam
869 747 1168 841 declamationibus
1173 747 1228 840 dc·

118 883 206 949 disse
228 882 376 948 credidit.
419 881 552 965 Nam'
526 903 554 946 ει
580 864 680 946 verba
708 883 798 968 justo
829 883 902 968 plus
935 885 1001 948 non
1027 867 1227 972 ριιιιιιιιιιιιι,

80 1049 83 1055 .
118 995 200 1059 nibil
228 992 391 1100 prohibet,
425 975 504 1075 quin
537 989 599 1055 hoc
631 965 795 1094 glossema
826 991 872 1055 ιιι
902 993 1160 1091 interpretemur,
1191 1003 1228 1058 ut

119 1127 207 1185 eum,
231 1103 286 1186 qui
308 1101 342 1165 id
362 1101 551 1187 adscripsit
579 1088 767 1195 significare
785 1101 929 1168 voluisse
952 1112 1146 1188 statuamus,
1169 1103 1229 1170 Ju-

114 1213 266 1278 'venalem
297 1212 437 1319 priorem
471 1200 635 1275 dimidiam
667 1213 782 1278 aetatis
811 1234 887 1278 suae
913 1222 1067 1300 partem
1062 1214 1097 1280 in
1123 1214 1229 1279 decla·

119 1316 237 1410 mando
260 1324 366 1410 egisse
389 1332 485 1407 atque
515 1300 636 1386 ideirco
660 1322 805 1405 aliquot
805 1344 936 1408 empore
958 1323 1017 1387 sub
1038 1322 1203 1390 Nerone'
1194 1349 1228 1390 ιιι

77 1515 80 1518 ἦ
120 1434 183 1499 hoc
205 1423 346 1500 studium
366 1422 564 1498 incubuisse.
597 1430 693 1515 Quod
716 1454 815 1515 quum
835 1434 881 1497 ιιι
903 1432 961 1517 sit,
977 1431 1145 1523 Franckio
1162 1459 1229 1501 non

120 1565 214 1609 assen
216 1531 305 1627 ιιιιι,
310 1544 367 1629 qui
388 1531 489 1607 uerba
509 1540 567 1606 illa
589 1539 629 1604 ad
652 1553 727 1605 tuno
754 1546 906 1627 temporie
934 1543 1049 1630 referri
1065 1524 1158 1640 jubet
1181 1549 1228 1632 (p

120 1653 185 1740 16),
210 1655 238 1719 si
260 1653 398 1717 maxime
420 1651 518 1716 etiam
539 1651 780 1717 concedendum
796 1661 846 1718 est
868 1675 905 1717 ea
925 1675 966 1718 ex
987 1653 1070 1718 falsa
1086 1652 1230 1752 Neronis

118 1755 293 1865 mantione,
317 1782 414 1863 quam
433 1748 670 1866 posterioribus
693 1747 893 1850 temporibus
921 1740 1011 1861 haud
1030 1785 1109 1850 raro
1124 1755 1161 1828 in
1183 1765 1231 1829 vi·

120 1874 162 1937 tis
185 1854 301 1937 iacere
312 1879 499 1953 coeperunt,
477 1861 589 1934 ιιιιιιι
601 1858 781 1937 translata
779 1895 862 1939 esse.
905 1838 1093 1958 Aliquando
1116 1853 1236 1971 saltem·

119 1968 304 2092 putemus
292 1979 359 2045 hos
374 1968 590 2087 sclroliastas²
615 1975 677 2066 qui
702 1983 890 2066 saepissime
917 1981 952 2047 in
977 1991 1031 2081 tot
1055 1962 1230 2082 mulosque

119 2078 246 2188 errores
277 2077 387 2178 illapsi
414 2091 494 2172 sint,
525 2090 605 2155 talia
631 2113 872 2176 nonnumquam
898 2093 1080 2175 invenisse,
1108 2113 1232 2175 ιιιιιιι

119 2183 255 2269 veritate
276 2199 364 2265 haud
385 2191 482 2264 nimis
504 2198 707 2263 abhorreant.
751 2189 817 2266 Sed
838 2188 917 2265 haec
938 2201 1105 2268 hactenus.
1148 2200 1233 2268 Tota
1288 2247 1290 2255 ,

121 2331 282 2377 resnuno
309 2304 411 2372 adid
437 2307 641 2392 probandum
673 2308 855 2392 spectabat,
888 2303 1002 2374 verba:
1036 2289 1239 2411 temporibusve

120 2414 265 2489 Neronia
287 2410 421 2484 Claudii
440 2409 666 2502 imperatorie
672 2424 789 2500 postea
811 2417 901 2483 addit
888 2422 920 2482 ta
936 2441 1009 2485 csse
1031 2441 1135 2504 neque
1158 2406 1232 2488 iuda
1265 2417 1267 2423 ’

120 2583 334 2604 Μ’

122 2706 224 2770 aliquot
239 2705 312 2754 locos
333 2691 780 2766 interpretandos(Berolini1843)
802 2702 868 2753 baec
889 2704 994 2752 invenio
1018 2703 1079 2752 inde
1096 2703 1232 2769 desumpta

122 2816 147 2865 p.
165 2799 211 2874 6153
228 2799 318 2848 nomeu
329 2794 460 2848 Juamalte
472 2796 603 2863 proprium
624 2793 677 2853 illi,
695 2793 750 2873 suit
770 2795 832 2846 euim
849 2794 880 2846 de
897 2794 995 2860 Aquino
1012 2795 1108 2863 oppido.
1142 2795 1233 2847 Prima

123 2898 202 2943 aetate
222 2890 307 2952 matr,
323 2888 406 2941 media
422 2886 567 2940 &clamauit
587 2890 623 2952 (p
642 2889 698 2950 70·)
716 2885 858 2954 amponius
881 2884 980 2937 Claudii
996 2884 1136 2939 Neronis
1125 2904 1232 2956 impera·

125 2984 185 3035 toria
206 2985 371 3074 patratumque
377 2984 404 3031 in
421 2979 542 3033 Paridem
561 2981 737 3072 pantomimum
762 2979 930 3047 imperatorie,
953 2980 995 3045 qui
1011 2979 1128 3046 sanares
1147 2980 1235 3063 multoe

124 3057 237 3138 babebat,
254 3060 296 3126 loa
312 3060 394 3126 vomo
411 3064 500 3125 edidit:
520 3062 613 3132 ”Quod
629 3065 677 3123 non
698 3070 759 3122 dant
769 3087 896 3140 proceres,
918 3069 986 3122 dabit
1005 3071 1107 3123 distaid'
1108 3050 1235 3142 ,proptio
1264 3098 1285 3110 ›-

125 3178 184 3239 quot
209 3165 398 3244 consputum
423 3150 453 3218 ab
473 3153 623 3247 imperatore
636 3152 767 3216 dammtus
788 3172 812 3216 et
831 3164 889 3216 urbe
910 3162 997 3233 pulsus
1018 3170 1067 3223 aab·
1088 3169 1123 3230 (p.
1140 3168 1206 3230 712)
1212 3144 1240 3224 ιι
1311 3199 1313 3202 <

125 3264 202 3331 quoti
218 3236 261 3312 eui
281 3259 373 3312 obteutu
388 3257 491 3311 miiitiae
511 3259 621 3312 devectus
643 3266 703 3310 aaa
721 3275 775 3309 aum
795 3250 890 3308 cohorte
909 3256 1013 3308 militum
1033 3248 1177 3310 tendentium
1199 3251 1240 3311 ιιι

75 3381 82 3394 »
124 3356 272 3424 Aeqyptum,
301 3346 388 3404 laudat
410 3344 501 3404 ultim
516 3354 598 3403 sotira
613 3351 720 3402 studium
735 3350 851 3401 militare.
886 3350 951 3401 Vita
968 3366 1009 3416 ap.
1025 3349 1127 3418 Pintzg.
1144 3353 1232 3417 hujus-

126 3450 227 3500 semodi
243 3437 294 3497 esi:
312 3443 379 3496 Huic
396 3445 489 3496 auctori
505 3429 632 3497 Jiomalis
643 3445 774 3512 proprium
790 3460 874 3494 nomen
883 3443 945 3510 fuit.
971 3441 1030 3494 Fuit
1044 3444 1103 3495 a'oia
1119 3443 1233 3510 Aquinas

124 3543 153 3594 id
174 3550 210 3594 eat
230 3540 260 3593 de
276 3539 375 3607 Aquino
397 3537 493 3606 oppido
526 3529 577 3589 Hic
594 3539 683 3620 prima
705 3544 783 3607 aetate
802 3537 888 3595 tacuit,
912 3518 1005 3615 media
1014 3551 1070 3589 vero
1090 3536 1249 3614 mimi.)

125 3616 274 3729 temporibus
286 3619 385 3684 Claudii
401 3616 516 3683 Neronia.
550 3616 692 3695 Primum'
681 3649 709 3682 m
729 3630 847 3682 Paridem
868 3611 1045 3700 pantomimum
1065 3629 1232 3719 imperatorio,

126 3716 293 3796 quisautorei
300 3719 510 3783 muitoababebot,
518 3716 681 3786 laevorsus(
667 3719 819 3814 (edidit?):'
821 3721 902 3782 'Quod
916 3740 964 3774 non
977 3719 1161 3802 dantproeerea
1174 3710 1232 3771 ait’'
1237 3794 1242 3799 ρ

125 3812 237 3914 Propter
248 3817 305 3887 quoa
321 3819 404 3872 veruti
419 3833 472 3869 cum
488 3834 538 3868 non
559 3817 661 3870 auderet
674 3808 727 3870 eum
744 3806 877 3885 imperator
889 3815 985 3884 publice
1001 3799 1128 3875 dmnnare,
1142 3804 1235 3882 pepulit

124 3910 277 3969 euiitRoma'
295 3930 317 3979 q·
334 3911 446 3980 (quasti)
463 3911 615 3966 solotenus
631 3909 734 3962 militiae
755 3910 893 3978 dipuitutia,
915 3924 967 3966 cum
988 3906 1154 3973 ooaqemrtua
1176 3909 1237 3955 meet

128 4043 209 4059 ....
229 4007 368 4076 ¹pr'ineip'e
385 4005 457 4056 unius
481 4004 585 4055 coiortia
605 4000 720 4056 destinau
737 4001 773 4064 (²)
801 4018 853 4054 eum
875 4000 910 4052 ad
930 3998 1029 4049 ultimas
1049 3997 1192 4067 partes

132 4099 202 4179 Unde
217 4117 271 4177 oum
288 4106 384 4172 carmel
404 4099 521 4175 consuetis
545 4097 686 4182 apeaoauiie
703 4104 726 4149 et
743 4094 819 4158 ludia,
847 4110 908 4162 quoe
928 4090 1022 4144 Romae
1032 4090 1177 4162 fidant,

127 4161 210 4246 tudine
226 4202 250 4250 et
265 4193 345 4269 taedio
357 4192 441 4284 periit
480 4192 569 4242 Aliam
594 4195 673 4261 uitam
696 4182 723 4242 et
744 4182 841 4282 adhuc,
868 4194 993 4253 quantum
1019 4189 1082 4248 soie,
1107 4179 1171 4236 ined

129 4265 256 4340 catelii
239 4304 270 4338 ax
289 4255 345 4338 eod
362 4271 409 4336 aii
428 4266 491 4335 biii
506 4301 559 4350 reg.
577 4264 670 4373 Dreid.
688 4272 760 4336 addi
767 4268 842 4347 posse
860 4281 935 4329 docet
951 4256 1072 4342 Pinzger
1087 4277 1107 4324 ι
1123 4258 1156 4322 ef
