2722 4658
1141 210 1187 277 71

109 393 301 462 historicum
326 395 442 462 obiret.
485 394 583 480 Quod
604 395 797 463 «Iuvenalem
817 397 914 484 plane
936 403 1144 484 perspectum
1165 397 1222 464 ha·

33 607 37 613 .
108 503 220 572 baisse
240 505 382 592 probant
403 505 504 572 verba
524 508 600 592 ejus
616 529 647 572 v.
673 507 814 573 292-3:

290 642 369 695 Nunc
386 644 499 708 patimur
513 644 608 710 longae
626 647 699 709 pacis
716 648 798 709 mula3
816 647 920 697 saevior
937 647 1017 696 armis

290 739 409 788 Luxuria
424 737 541 788 incubuit
557 741 705 804 victumque
722 741 858 792 ulciscitur
873 740 971 791 orbem.

105 854 141 924 Si
161 855 263 943 igitur
284 855 425 942 vestigia
444 854 502 920 illa
522 876 686 942 perpauca
707 864 742 922 et
761 879 827 923 non
849 857 930 923 satis
947 864 1036 923 certa
1051 857 1219 943 persequi-

100 987 184 1048 mur,
205 988 245 1031 ea
265 965 438 1054 praecipue
459 966 501 1032 cd
522 972 669 1053 tempore
690 966 872 1033 Domitiani
888 988 949 1035 nos
965 966 1149 1034 conducere
1170 967 1218 1034 vi-

100 1075 230 1142 dentur.
266 1074 343 1141 Huc
358 1077 499 1164 pertinet
513 1077 636 1144 mentio
658 1077 748 1143 mimi
764 1085 797 1143 et
813 1077 969 1147 delatoris
985 1076 1106 1143 Lati'ni'.
1118 1102 1156 1144 v.
1176 1078 1219 1142 44

102 1193 201 1278 atque
218 1186 368 1270 aequalis
375 1189 446 1275 ejjus
457 1187 572 1253 mimae
583 1184 758 1274 Thymeles
769 1212 801 1254 v.
813 1188 854 1252 66
866 1187 995 1274 injecta.
1018 1188 1056 1258 Si
1065 1188 1219 1276 Eppium,

102 1294 407 1384 quaeagladiatore
418 1296 529 1363 furtim
541 1296 680 1363 abducta
690 1319 763 1366 esse
773 1298 1127 1384 ornaturam-113,
1137 1318 1219 1364 uxo·

100 1427 171 1470 rem
180 1404 324 1473 Fabricii
334 1403 547 1494 Vejentonis,
557 1406 622 1472 viri
637 1405 690 1474 his
702 1407 902 1497 temporibus
919 1408 1085 1476 notissimi
1096 1407 1153 1498 (cf.
1163 1402 1218 1473 IV

102 1517 190 1602 113),
219 1517 322 1584 fuisse
344 1524 513 1603 putamus,
533 1537 587 1584 res
607 1516 666 1583 illa
687 1516 747 1584 sub
764 1518 955 1584 Domitiano
978 1517 1024 1604 (v.
1042 1515 1152 1585 Schol.
1174 1517 1217 1585 ad

99 1650 132 1692 v.
156 1626 228 1716 87),
260 1626 315 1693 vel
336 1627 478 1692 fortasse
500 1635 611 1710 antea,
633 1635 706 1692 acta
727 1635 807 1694 erat.
849 1625 936 1693 Nam
967 1626 1138 1696 Fabricius
1160 1626 1216 1693 ille

99 1735 253 1823 Vejento‚
286 1758 383 1823 quem
414 1735 511 1802 etiam
543 1737 744 1823 temporibus
774 1735 906 1804 Nervae
933 1740 968 1803 in
994 1737 1082 1804 vivis
1113 1737 1218 1805 fuisse

100 1845 339 1914 testaturPlin.
351 1868 404 1933 ep.
414 1843 467 1912 IV
479 1846 537 1932 22,
554 1843 609 1911 IX
621 1845 672 1932 13,
685 1848 753 1934 jam
769 1845 902 1914 Nerone
918 1855 1075 1937 regnante
1085 1854 1218 1935 praetor

92 1956 164 2022 fuit
186 1955 278 2044 (Dio.
301 1952 397 2025 Oass.
419 1954 507 2022 LXI
527 1959 565 2043 6,
581 1954 659 2024 Tac.
680 1959 770 2025 Ann.
791 1954 881 2024 XIV
898 1958 966 2044 50).
1010 1955 1095 2040 Quis
1117 1956 1218 2024 fuerit

98 2061 235 2152 Celsus,
258 2068 315 2153 qui
334 2090 367 2132 v.
390 2067 453 2132 245
475 2076 756 2152 commemoratur,
768 2068 848 2134 satis
863 2077 952 2134 certe
968 2067 1133 2154 explorari
1145 2079 1215 2133 non

96 2185 218 2262 potest.
250 2178 328 2244 Duo
351 2177 439 2242 enim
461 2184 554 2243 erant
576 2170 670 2243 Oelsi
686 2178 931 2262 Jurisconsulti,
953 2185 1048 2265 pater
1062 2183 1096 2244 et
1115 2174 1215 2258 filius,

90 2307 236 2368 ‘quorum
256 2285 326 2368 hic,
347 2292 461 2369 natus,
482 2292 521 2350 ut
542 2285 695 2368 credunt,
717 2286 778 2350 sub
798 2285 898 2351 finem
917 2285 1049 2374 imperii
1068 2284 1214 2353 Neronis

96 2394 185 2460 circa
206 2415 325 2461 annum
347 2394 388 2458 66
410 2416 444 2481 p.
466 2387 560 2479 Chr„
586 2401 719 2480 praetor
744 2393 808 2459 fuit
834 2415 885 2459 an.
908 2394 968 2459 101
993 2394 1125 2482 (Paylyi
1145 2394 1216 2461 En·

95 2503 179 2592 cycl.
201 2503 241 2572 Τ.
262 2503 316 2571 IV
337 2527 370 2591 p.
392 2505 481 2592 694).
523 2502 565 2571 In
588 2514 735 2591 tempora
755 2504 938 2572 Domitiani
955 2513 1030 2591 apte
1051 2503 1214 2591 quadrant

94 2616 195 2683 verba
216 2639 248 2682 v.
271 2615 350 2683 250:

610 2730 702 2780 nisisi
722 2729 784 2794 quid
801 2731 829 2779 in
847 2728 894 2778 illo

295 2822 406 2876 Pectore
423 2825 482 2888 pluo
500 2825 586 2890 agitat
602 2837 730 2887 veraeque
748 2829 857 2887 paratur
874 2835 978 2872 arenae.

96 2931 151 3004 Of.
173 2935 241 3005 Set.
258 2936 278 3000 Ι
294 2938 335 3002 22
352 2945 386 3004 et
399 2937 491 3006 Suet.
506 2936 605 3003 Dom.
628 2936 665 3001 4:
686 2939 764 3001 ”nec
786 2933 932 3000 virorum
952 2934 1050 3000 modo
1072 2947 1211 3022 pugnas,

96 3045 209 3114 sedet
230 3047 442 3113 feminarum”
463 3053 498 3112 et
519 3043 604 3111 Stat.
626 3042 708 3113 silv.
730 3040 749 3107 Ι
771 3044 790 3107 6
813 3042 869 3108 532

347 3183 408 3236 Stat
425 3199 502 3234 sexus
518 3183 591 3234 rudis
608 3184 757 3248 insciusque
774 3181 838 3233 ferri

345 3277 381 3328 Et
396 3292 497 3344 pugnas
516 3279 587 3342 capit
602 3277 735 3342 improbus
752 3277 848 3327 viriles.

93 3392 246 3460 Feminae
275 3396 343 3481 jam
371 3392 432 3461 sub
452 3392 586 3460 Nerone
613 3395 649 3459 in
679 3413 809 3459 arenam
840 3389 1049 3459 descendisse
1075 3397 1208 3457 narrant

92 3500 169 3568 Tac.
192 3504 280 3569 Anu.
302 3500 374 3570 XV
396 3503 437 3568 32
459 3513 492 3571 et
512 3504 579 3571 Dio
603 3499 700 3571 Cass.
716 3499 804 3569 LXI
826 3501 875 3587 17,
898 3501 985 3588 quod
1006 3500 1207 3587 temporibus

93 3613 292 3699 Domitiani,
313 3623 351 3679 ut
371 3612 511 3695 ridetur,
537 3613 722 3702 vulgatum,
749 3635 769 3678 a
789 3610 979 3679 melioribus
1005 3606 1208 3697 imperatori-

93 3724 155 3790 bus
181 3722 298 3791 deinde
324 3722 529 3790 hauddubie
560 3744 749 3809 repressum
774 3719 883 3788 denno
909 3743 972 3786 usu
1004 3719 1134 3787 venisse
1156 3742 1207 3787 re-

93 3835 157 3901 fert
177 3834 245 3900 Dio
267 3829 407 3901 Cassius
428 3833 463 3898 in
483 3831 604 3901 Severo
625 3828 766 3899 LXXV
789 3832 828 3896 16
852 3833 908 3918 (cf.
930 3830 995 3901 Gn.
1020 3830 1057 3898 Ε.
1070 3829 1206 3901 Weber.

92 3945 115 4012 l.
139 3966 167 4011 c.
190 3967 223 4031 p.
245 3944 306 4009 241
330 3945 406 4031 sq.).
449 3942 506 4008 Ad
527 3963 683 4030 quaeres
704 3966 736 4009 v.
758 3943 941 4009 407-4122

242 4082 387 4134 Instantem
404 4084 460 4149 regi
477 4083 602 4135 Armenio
620 4081 771 4148 Parthoque
789 4087 906 4133 cometen

242 4175 336 4227 Prima
350 4179 434 4240 ridet3
450 4175 548 4228 famam
565 4189 732 4242 rumoresque
749 4175 797 4225 illa
814 4182 931 4226 recentes

246 4271 352 4337 Excipit
370 4272 401 4324 ad
420 4280 522 4339 portas,
540 4273 666 4340 quosdam
682 4268 761 4332 facit3
778 4271 831 4321 isse
848 4267 982 4335 Niphaten
