2722 4658
1034 125 1222 235 *aa

165 352 311 419 omnibus
335 353 384 420 his
415 354 698 422 vitiscommunia
724 355 862 437 quodam
888 355 982 421 modo
1010 355 1110 422 fuisse
1137 359 1264 444 opinor,
1309 354 1312 364 ’

162 485 224 546 qua
246 463 285 528 de
307 488 344 530 re
363 447 439 529 mox
461 463 554 548 plura
575 463 756 548 disputabo.
792 465 905 531 Restat
927 488 1028 547 nune,
1048 476 1086 532 ut
1108 468 1261 533 nonnulla
1287 545 1288 548 Ἴ

160 571 201 638 dc
224 573 291 638 'vita
311 571 346 636 Il
368 574 527 658 adjiciam.
569 572 662 639 Illius
686 575 771 639 enim
798 575 975 642 eommunis
1002 576 1101 642 fontis
1123 579 1261 642 altarum
1357 617 1360 622 ·

160 680 318 765 10t111,
341 683 467 768 dequo
491 682 644 765 diximus,
677 685 769 750 testis
797 684 875 749 haec
901 686 973 771 ipsa
998 686 1108 751 haberi
1134 697 1260 773 potest,

160 815 257 876 quum
279 793 420 860 absurda
442 793 496 857 illa
518 802 550 858 et
571 793 763 858 inconcinna
784 819 889 860 rerum
911 795 1082 880 expositio,
1104 806 1261 884 utsupra

159 904 356 969 declaratum
377 913 441 985 est,
469 925 508 968 ex
530 903 651 968 eisdem
684 903 779 968 rebus
806 905 856 970 bis
888 907 1033 990 repetitis
1060 908 1181 992 optime
1207 931 1261 974 ex-

158 1015 274 1099 plicari
296 1015 410 1098 possit.
454 1003 609 1079 Ostendit
640 1034 767 1096 quoque
802 1014 993 1081 scholiastae
1020 1000 1139 1101 parurn
1165 1018 1260 1083 intel·

157 1124 278 1190 lenisse
298 1145 411 1190 versus
433 1125 467 1188 in
489 1106 649 1204 Paridem,
672 1133 786 1207 postea
808 1125 962 1216 septimae
985 1126 1099 1192 satirae
1117 1126 1177 1192 sub
1194 1126 1258 1193 alio

157 1234 296 1318 quodam
327 1235 521 1320 imperatore
553 1233 709 1314 intextos,
742 1243 819 1298 tunc
852 1233 978 1299 demum
1009 1235 1096 1300 exilii
1130 1242 1259 1302 causam

158 1345 336 1424 exstitisse3
358 1326 431 1408 nam
453 1345 595 1429 scriptor
617 1365 712 1408 sanae
734 1353 903 1427 rectaeque
925 1353 1029 1410 rerum
1051 1347 1256 1433 cognitionis,

157 1477 250 1538 quam
272 1455 356 1519 vitae
378 1452 396 1518 1
418 1453 552 1534 debuit,
570 1452 665 1537 plane
691 1454 868 1548 immemor,
881 1451 1072 1520 iuvenalem
1099 1477 1117 1519 a
1146 1457 1257 1522 Domi·

140 1567 242 1630 'tiano
275 1565 309 1630 in
342 1564 473 1629 exilium
506 1565 643 1647 ejectum
669 1570 745 1646 post
772 1572 905 1627 mortem
933 1566 1002 1649 ejus
1029 1565 1074 1650 (is
1096 1567 1180 1631 enim
1207 1577 1258 1634 est

155 1676 209 1741 ille
232 1672 307 1751 orda
330 1669 436 1750 αὐτός,
460 1673 501 1736 cl.
523 1672 611 1740 Suet.
634 1673 729 1737 Dom.
755 1671 809 1758 13)
830 1672 964 1738 Romam
993 1677 1165 1741 revertisse
1194 1677 1257 1742 sibi

139 1785 327 1870 persuasit.
371 1780 470 1862 Quod
496 1783 525 1848 si
552 1790 662 1848 verum
687 1790 788 1865 esset,
822 1783 863 1880 ad
889 1784 984 1848 alium
1013 1783 1201 1852 histrionem
1222 1788 1256 1852 in

153 1895 290 1982 gratiam
312 1893 490 1958 Domitiani
510 1893 745 1977 posterioribus
761 1885 897 1978 ¹imperii
923 1895 1120 1981 temporibus
1142 1917 1255 1982 accep·

154 2012 222 2068 tum
244 2003 441 2085 duceremur,
464 2023 558 2086 quem
580 2002 709 2089 quidem
732 2007 862 2069 omnino
885 2027 950 2069 non
972 2006 1136 2092 cognitum
1158 2006 1256 2073 habe·
1333 2014 1336 2018 ’

153 2135 234 2180 mus.
279 2115 338 2178 Ait
359 2115 459 2179 enim:
483 2127 553 2179 erat
575 2126 649 2180 tanc
669 2118 706 2178 ia
727 2115 853 2180 deliciis
876 2117 966 2180 calce
989 2115 1106 2180 ttetrto
1129 2127 1162 2181 et
1173 2137 1215 2199 ,q.
1228 2141 1253 2182 s.

151 2247 254 2309 neque
277 2224 384 2288 aliter:
418 2203 584 2310 ”tempora
610 2227 791 2309 praesentia
817 2226 920 2312 figura
948 2214 1059 2290 notata
1080 2230 1168 2293 esse”
1190 2227 1255 2296 dici
1306 2230 1309 2241 '

153 2342 308 2418 possunt,
331 2334 394 2398 nisi
417 2334 445 2398 si
467 2346 543 2396 tuno
571 2355 698 2418 quoque
727 2333 916 2398 histrionem
944 2336 1062 2402 vixisse
1089 2346 1254 2421 putemus,

124 2487 127 2496 f
154 2444 209 2526 qui
230 2440 388 2508 =versibus
415 2441 480 2507 illis
514 2450 615 2509 semet
647 2429 822 2529 perstringi
855 2442 1035 2509 crediderit.
1084 2445 1130 2509 At
1162 2457 1253 2512 ortus

106 2635 109 2638 ῃ
152 2563 203 2619 est
225 2553 277 2617 hic
304 2576 393 2618 error
420 2575 459 2617 ex
487 2554 553 2617 vita
579 2550 646 2634 ΠΙ,
674 2551 779 2634 qualis
806 2575 857 2638 ap.
881 2541 1254 2640 Oram.'exstat,⁴quum

150 2663 342 2748 compilator
367 2662 422 2727 ille
444 2684 515 2727 non
546 2663 744 2746 perspiceret
775 2662 903 2728 easdem
936 2687 986 2730 res
1014 2665 1074 2747 ibi,
1107 2669 1263 2752 quamvis,

142 2783 232 2840 ,tecte
255 2783 288 2839 et
309 2773 461 2855 obscure,
489 2782 583 2855 atque
606 2773 639 2836 in
667 2772 734 2837 vita
754 2772 771 2837 I
793 2775 930 2858 exponi„
963 2774 1028 2842 Sed
1050 2799 1068 2841 e
1090 2781 1251 2845 contrario

149 2886 205 2949 vix
227 2884 407 2951 mirandum
429 2892 480 2947 est
507 2891 594 2965 eutn,
622 2882 731 2968 quiin
754 2884 820 2946 vita
847 2881 916 2964 ΙΙΙ,
943 2885 1031 2968 quod
1058 2886 1185 2952 aliunde
1212 2888 1252 2953 de

151 2994 255 3058 reditu
288 3002 402 3078 poetae
436 3001 650 3077 compererat,
683 2999 797 3076 postea
830 2992 966 3076 addidit,
1000 2984 1069 3066 non
1092 2996 1178 3060 idem
1205 2995 1252 3064 vi'-

107 3094 121 3140 *¹
151 3103 253 3191 disse,
280 3105 400 3190 quippe
428 3124 522 3186 quem
549 3102 705 3187 plenioris
734 3103 925 3169 narrationis
948 3105 1069 3171 formae
1091 3106 1124 3171 in
1148 3109 1252 3174 vital

150 3196 311 3281 exhibitae
333 3207 479 3300 ignarum
500 3212 601 3280 fuisse
624 3211 806 3278 existimare
827 3211 931 3278 liceat.
974 3213 1059 3280 Nam
1080 3240 1153 3283 eum
1174 3241 1252 3302 quo·

150 3349 212 3411 que
233 3324 274 3390 de
296 3325 482 3390 Domitiano
504 3333 657 3409 tanquam
679 3321 767 3388 exilii
784 3333 914 3388 auctore
931 3327 1092 3412 cogitasse
1109 3353 1149 3395 ex
1165 3355 1252 3398 men·

149 3439 237 3503 tione
258 3434 423 3500 Martialis
447 3443 594 3520 apparet,
618 3433 775 3516 adquam
803 3435 986 3519 opinionem
1011 3415 1116 3523 ipsam
1137 3441 1253 3518 verbo·
1299 3426 1302 3434 ‚

148 3573 219 3618 rum
242 3542 807 3629 sententiarumque'collocationem
833 3542 961 3610 allicere
987 3536 1142 3630 diximus,
1170 3570 1275 3633 quae

149 3682 242 3725 omne
269 3657 424 3743 temporis
451 3676 565 3720 versus
590 3654 623 3718 in
651 3653 799 3719 Paridem
828 3656 1051 3722 conscribendi
1073 3656 1251 3743 edendique

148 3768 319 3834 discrimen
341 3765 454 3831 tollere
476 3765 629 3831 videatur.

138 3860 139 3866 ἵ
249 3876 355 3943 Venio
378 3897 463 3939 nunc
485 3873 525 3940 ad
547 3874 658 3939 ultima
680 3874 736 3938 illa
758 3875 871 3941 verba:
899 3877 947 3939 ita
974 3877 1116 3942 tristitia
1144 3889 1173 3942 et
1195 3902 1251 3944 aa·

147 4009 224 4077 pora
252 3987 371 4072 periit,
405 4008 485 4072 quae
520 3986 566 4052 sio
600 3987 632 4050 in
666 3985 888 4070 antiquissimo
922 3985 1011 4050 fonte
1038 3972 1106 4054 ¹hau
1296 3988 1308 4027 Ψ

149 4103 270 4187 scripta
292 4109 396 4182 erant,
417 4108 453 4164 ut
474 4096 656 4185 prioribus,
673 4119 754 4181 quae
776 4099 808 4164 in
831 4099 928 4164 exilio
945 4121 1085 4184 narran
1299 4136 1309 4171 -,

152 4221 212 4296 tur,
240 4211 394 4277 continuo
418 4213 637 4298 jungerentur.
682 4208 748 4278 Sed
774 4233 870 4296 quum
897 4213 1039 4277 vocito
1095 4300 1100 4309 Ι
1313 4206 1335 4295 ’χ
