2722 4658
155 125 179 186 '2

118 331 231 402 nuntia
251 330 486 414 comprobetur.
529 331 582 395 Ac
603 331 658 393 vix
679 339 745 410 est,
772 331 861 414 quod
887 352 1049 412 moneam,
1079 346 1221 416 quorsus

117 439 197 505 haec
218 442 316 507 verba
341 441 514 527 praecipue
541 449 697 527 spectent.
740 439 825 505 Nam
853 441 909 528 qui
935 441 1003 533 has·
1020 464 1074 507 res
1102 441 1154 507 vel
1176 440 1223 505 le·

62 560 68 573 '
118 551 201 617 viter
223 553 375 638 attigerit,
388 547 563 641 cognitum
584 550 701 618 habere
718 550 826 633 debet,
849 572 1047 617 communem
1066 573 1139 618 esse
1155 574 1223 617 om-

117 658 207 726 nium
228 660 267 726 de
288 656 504 748 temporibus,
520 661 642 747 ‘quibus
665 663 796 728 omuino
810 661 1122 744 vixeritduvenalis,
1144 683 1222 726 con-

117 773 315 854 sensionem,
337 771 377 837 de
398 772 560 857 principe,
582 795 601 837 a
622 795 685 859 quo
707 772 742 836 in
763 768 908 855 exilium,
930 771 1019 857 quod
1034 770 1140 856 ipsum
1155 792 1222 836 uno

117 905 174 948 ore
184 882 389 964 confirmant,
406 883 469 947 alia
480 906 558 949 vero
574 884 615 949 ad
630 883 719 949 aliud
734 891 861 967 tempus
878 881 1022 947 referunt
1037 881 1223 946 testimonia

116 1002 242 1074 vetera,
257 992 377 1058 missus
394 993 451 1074 sit,
467 992 595 1059 nullam.
627 993 741 1076 Itaque
759 989 966 1079 praecipuam
983 992 1222 1075 disquisitionis

116 1109 248 1168 nostrae
268 1109 392 1188 partem
412 1103 447 1168 in
468 1102 528 1167 hac
544 1105 667 1190 ipsane
683 1102 915 1171 constituenda
936 1102 1061 1168 versari
1083 1109 1222 1186 oportet.

74 1292 78 1299 α
115 1211 208 1304 Quae
230 1210 359 1305 quidem
381 1235 448 1295 res,
470 1212 547 1278 licet
567 1213 672 1298 primo
695 1213 808 1279 saltem
824 1221 957 1300 aspectu
972 1207 1058 1279 levis
1074 1210 1224 1277 videatur

117 1331 150 1386 et
170 1322 264 1409 parvi
285 1324 453 1404 momenti,
475 1331 626 1417 quantam
648 1324 752 1389 lucem
774 1333 879 1388 tamen
901 1344 967 1388 non
982 1322 1088 1388 minus
1105 1322 1223 1396 ceteris

115 1433 202 1498 vitae
222 1433 402 1500 rationibus
425 1432 612 1517 Juvenalis,
633 1456 728 1520 quam
750 1434 882 1520 scriptis
909 1436 978 1518 ejus
996 1431 1168 1498 ‘commode
1190 1441 1224 1497 et

114 1542 217 1629 probe
230 1546 416 1610 constituta
437 1543 567 1626 afferat,
588 1552 622 1610 et
643 1544 808 1629 omnibus,
835 1545 891 1628 qui
918 1545 948 1609 ei
975 1565 1104 1629 operam
1126 1541 1224 1613 dede-

86 1732 90 1749 ,
114 1654 195 1743 rint,
216 1663 387 1745 pernotum
408 1662 459 1720 est
480 1663 513 1719 et
533 1652 595 1718 hac
605 1656 880 1720 commentatione
896 1654 1108 1740 qualicunque
1124 1652 1222 1717 modo

115 1760 265 1833 absoluta
285 1785 345 1855 per
366 1785 418 1829 se
416 1758 573 1828 elucebit.

218 1869 257 1938 Si
279 1893 361 1939 vero
390 1872 468 1957 quid
494 1873 592 1939 fuerit
624 1893 739 1938 causae
771 1873 954 1958 requiritur,
987 1895 1053 1959 cur,
1079 1876 1116 1941 ut
1132 1841 1223 1965 diri,

115 1992 205 2057 tanta
225 1983 260 2048 in
286 1983 347 2049 hac
371 2005 408 2049 re
434 1983 608 2049 invaluerit
594 1980 821 2069 topinionum
847 1983 1021 2075 dissensio,
1045 1986 1105 2049 alii
1135 1985 1224 2051 haud

76 2156 80 2162 .
116 2094 212 2167 dubie
234 2091 297 2159 alia
323 2093 519 2179 respondere
546 2094 755 2160 conabuntur.
795 2089 871 2162 ¹Nec
897 2097 993 2183 pauci
1020 2105 1130 2176 erunt,
1153 2098 1224 2181 qui·
1254 2151 1256 2161 Α

115 2198 177 2262 bus
198 2203 269 2261 tota
295 2195 390 2282 hujus
418 2185 644 2264 dissensionis*
658 2218 756 2264 causa
784 2208 818 2264 et
845 2199 939 2287 origo
967 2197 1001 2262 in
1027 2198 1099 2284 ipsa
1124 2219 1224 2280 ¹quae-

103 2297 234 2377 ,s'tionis
261 2308 375 2364 natura
401 2320 439 2364 ac
465 2300 588 2367 ratione
610 2298 847 2389 praecipueque
880 2301 1156 2380 testimoniorum,
1188 2301 1223 2365 in

116 2397 234 2484 quibus
267 2400 433 2484 innitatur,
464 2402 685 2471 inconstantia
717 2402 977 2489 obscuritateque
1009 2403 1118 2487 posita
1149 2424 1221 2468 esse

112 2509 272 2576 ¹videatur.
314 2511 410 2596 Quod
431 2536 549 2600 magna
570 2523 722 2599 exparte
744 2514 793 2579 sio
815 2536 850 2579 se
871 2512 988 2578 habere
1002 2513 1152 2596 equidem
1167 2533 1223 2575 ne·

35 2679 39 2684 .
117 2637 194 2705 gare
205 2616 292 2686 nolo.
315 2617 393 2706 Sed,
409 2623 538 2688 etiamsi
548 2622 686 2688 forsitan
696 2621 838 2687 futurum
851 2623 908 2705 sit,
919 2619 1006 2688 utde
1017 2622 1103 2687 fama
1113 2629 1223 2687 auoto-

116 2728 274 2818 ritateque
288 2733 435 2799 ⁴uirorum
452 2731 713 2799 doctissimorum
729 2731 897 2798 detrahere
919 2730 1097 2815 insimuler,
1115 2720 1222 2798 facere

116 2849 224 2909 tamen
244 2866 311 2909 non
331 2864 479 2930 possum,
497 2844 579 2929 ¹quin
606 2843 798 2909 contendam
822 2841 996 2927 plurimos,
1024 2844 1079 2928 qui
1101 2844 1222 2914 nostris

117 2955 318 3040 temporibus
339 2957 373 3020 in
395 2952 456 3019 hac
478 2953 704 3041 disquisitione
726 2953 856 3020 uberius
873 2961 1043 3019 versantes
1059 2951 1168 3020 multis
1189 2953 1224 3017 in

114 3056 213 3130 ¹rebus
234 3084 355 3131 novum
375 3074 565 3152 gratumque
580 3063 617 3128 'ei
637 3062 745 3128 lumen
766 3063 997 3148 adhibuerunt,
1012 3063 1223 3130 nihilomiuus

119 3168 279 3259 opinione
305 3174 443 3258 quadam
474 3174 693 3261 praejudicata
724 3172 838 3238 ductos
870 3175 1047 3238 sententias
1080 3197 1155 3243 suas
1182 3172 1223 3239 de

119 3285 225 3375 capite
246 3283 303 3349 illo
326 3273 523 3369 quaestionis
545 3307 610 3350 non
633 3307 674 3351 ex
694 3306 738 3366 re,
761 3282 819 3348 sed
840 3305 881 3348 ex
898 3283 1028 3370 ingenio
1046 3281 1222 3370 arripuisse

119 3404 327 3482 arreptaeque
338 3396 577 3487 pronuntiasse.
609 3393 686 3464 dam
698 3389 756 3462 01.
774 3393 993 3460 Salmasius
1013 3404 1046 3459 et
1060 3393 1104 3459 Η.
1120 3391 1223 3460 Dod-

43 3587 48 3593 ,
118 3506 273 3588 wellus,
305 3505 361 3589 qui
387 3506 472 3571 inter
503 3507 629 3592 priores
663 3507 759 3592 hujus
786 3505 833 3570 rei
865 3504 1051 3593 gravissimi
1082 3503 1222 3570 habendi

120 3626 197 3682 sunt
217 3625 381 3698 auctores,
403 3637 500 3680 unam
521 3616 624 3682 solam
645 3617 731 3682 vitae
753 3616 968 3682 narrationem
990 3613 1104 3697 secuti,
1126 3635 1222 3698 quam

118 3725 228 3812 plures
261 3726 381 3792 habent
412 3706 542 3793 codices
574 3736 606 3794 et
630 3726 802 3814 pleraeque
833 3725 1030 3792 vetustiores
1063 3724 1222 3790 editiones

120 3857 265 3920 quaeque
286 3837 370 3904 falso
392 3861 412 3903 a
432 3836 609 3906 nonnullis
620 3835 778 3904 Suetonio
800 3835 1003 3917 adscribitur,
1019 3835 1101 3899 mult
1087 3842 1120 3899 ta
1134 3842 1223 3900 recte

119 3957 153 4013 et
172 3946 313 4013 dilucide
333 3949 557 4051 explanarunt
587 3949 676 4034 Quin
697 3949 794 4015 etiam
814 3946 864 4013 illi
883 3968 986 4034 prope
1007 3943 1115 4012 omnia
1134 3953 1222 4011 recte

120 4057 273 4124 statuisse
295 4056 359 4124 dici
378 4036 550 4145 possunt,
560 4058 667 4146 quoad
688 4057 817 4145 quidem
838 4057 873 4124 id
893 4080 955 4143 pro
971 4055 1042 4123 font
1028 4057 1132 4138 tibus,
1153 4051 1224 4141 qui·

51 4210 54 4215 ,
118 4168 180 4236 bus
201 4167 254 4236 usi
274 4176 364 4253 sunt,
385 4167 456 4239 fieri
478 4169 593 4261 potuit
624 4168 699 4256 Quo
720 4168 830 4257 plures
852 4168 987 4239 auten
978 4191 1012 4236 m
1028 4167 1132 4236 lucem
1147 4188 1224 4255 pro·
