2722 4658
1154 221 1205 289 aa

125 406 204 491 quin
226 429 250 472 a
266 407 431 494 prioribus
458 407 608 497 longiore
636 410 792 496 temporis
818 407 992 475 intervallo
1020 402 1248 497 sejungendae¹
1286 432 1291 436 ·

123 518 191 584 sint
222 526 319 603 atque
341 519 403 586 sub
424 517 594 587 Hadriano
615 522 751 588 tandem.
768 519 989 605 conscriptae,
1015 540 1068 586 res
1090 541 1158 584 non
1179 507 1251 588 du?
1305 510 1313 523 ²

78 708 80 710 =
122 626 176 693 bia
197 651 271 696 esse
292 629 433 695 videtur.
476 629 563 695 Nam
590 637 754 716 quartus
775 628 861 695 liber
881 630 944 696 etsi
964 627 1063 711 nihil,
1085 628 1174 712 quod
1195 620 1247 696 ad.
1289 644 1312 713 J

121 747 248 806 certam.
264 741 422 826 temporis
443 740 670 807 definitionem
691 741 868 827 pertineat,
895 739 1057 824 continet,
1084 736 1167 805 adeo
1180 751 1242 805 ‘tat--
1258 756 1262 763 ·

120 872 194 915 rnen
215 849 258 915 ad
284 851 391 915 ultimi
416 850 491 916 libri
524 850 768 919 similitudinem
800 843 1004 935 accedit,ut
1028 870 1135 934 neque
1165 848 1238 917 lon'·
1272 839 1314 873 ³²·

119 960 212 1046 giore
234 968 381 1046 tempore
401 962 487 1028 inter
509 984 545 1028 se
566 960 692 1027 distare·
709 961 840 1048 possint
859 961 894 1026 hi
921 960 996 1027 libri
1023 969 1057 1026 et
1077 959 1181 1055 ambo
1193 959 1237 1027 ud
1258 952 1260 957 ⁴

119 1080 259 1137 aetatem
279 1080 397 1158 poetae
417 1072 522 1160 magis
549 1081 739 1158 provectam
764 1081 851 1138 recte
880 1073 948 1140 sint
968 1071 1139 1138 referendi.
1173 1069 1236 1138 “Ibi
1304 1088 1312 1165 2,

119 1183 205 1249 enim
226 1185 418 1249 acerrimum
438 1182 536 1248 illum
557 1182 796 1272 indignabundi
822 1182 921 1248 animi
946 1184 1103 1269 impetum
1129 1191 1170 1249 et·
1184 1197 1250 1249 ar·'

117 1293 230 1359 dorem
252 1295 374 1361 sensim
400 1292 571 1362 considere
599 1302 632 1359 et
656 1294 817 1381 restingui
843 1293 1007 1373 uidemus3
1035 1293 1159 1377 odium,
1173 1295 1242 1360 ‘i'n·'

117 1403 356 1490 dignationem,
378 1405 469 1470 iram
480 1427 547 1470 non
569 1404 696 1490 spirant
717 1405 842 1483 omnia3
863 1404 1024 1490 proditet
1039 1404 1251 1490 suavissima
1316 1385 1325 1436 ’ἶ

115 1522 149 1579 et
170 1514 361 1582 doctissima
388 1514 564 1597 severitas,
591 1515 735 1598 quaein
762 1535 880 1600 magna
906 1514 963 1579 illa
988 1516 1140 1580 fortunae
1166 1496 1261 1580 vic-³¹
1280 1498 1324 1532 '³

114 1625 196 1690 trice
219 1625 394 1710 sapientia,
416 1625 537 1690 ”sacris
553 1647 637 1710 quae
647 1624 708 1690 dat
719 1633 894 1712 praecepta
909 1623 1029 1692 libellis
1042 1610 1246 1714 (aner‘
1275 1613 1276 1616 ¹

114 1735 325 1819 acquiescens
358 1758 426 1801 non
452 1757 580 1801 omnem
610 1757 719 1801 rerum
750 1734 961 1801 humanarum
984 1755 1079 1820 vspem
1106 1733 1245 1819 abjicit,
1259 1738 1262 1746 '
1291 1737 1328 1748 '

114 1842 174 1909 sed
196 1866 296 1931 super
321 1853 505 1932 temporum
535 1867 726 1931 morumque
757 1847 951 1931 pravitatem
978 1845 1163 1931 suspiciens
1190 1842 1234 1910 ad

113 1954 232 2020 altiora
252 1955 362 2043 pergit
382 1963 417 2022 et
437 1955 588 2022 stabilem
619 1956 781 2042 quendam
812 1979 921 2022 rernm
952 1954 1100 2022 ordinem
1126 1964 1168 2021 et
1181 1940 1278 2048 rassf⁴

112 2065 235 2132 tionem
270 2066 500 2134 animadvertit
537 2075 635 2151 atque
668 2065 891 2133 commendat.
939 2063 1060 2132 Omnia
1091 2064 1232 2153 denique

112 2177 307 2263 scriptorem
339 2177 436 2262 plane
466 2178 670 2242 immutatum
692 2185 726 2241 et
748 2178 891 2243 carmina
916 2178 958 2241 in,
977 2182 1134 2264 provecta
1162 2178 1231 2263 jaim
1257 2187 1258 2191 ’

112 2294 219 2350 aetate
246 2285 441 2350 condentem
473 2291 624 2371 arguunt.
672 2284 790 2368 Neque
822 2287 919 2352 aliam
946 2286 989 2352 ob
1010 2307 1142 2354 causam
1163 2295 1230 2353 me·

111 2402 238 2459 moratu
259 2394 380 2481 dignus
403 2402 454 2460 est
474 2394 586 2475 locus,
612 2414 709 2477 quem
737 2394 863 2460 decima
890 2396 990 2461 satira
1011 2421 1043 2462 v.
1065 2397 1128 2461 365
1154 2419 1234 2480 curn

109 2503 199 2572 XIV
221 2505 284 2569 315
306 2526 509 2570 communem
529 2501 650 2587 habet,
664 2525 771 2589 quum
784 2505 1089 2591 ejusdemdecimae
1110 2507 1262 2586 satirae:
1329 2551 1336 2587 2,

109 2640 140 2682 v.
165 2617 226 2681 226
248 2616 283 2681 in
304 2615 416 2700 prima.
430 2634 561 2699 quoquo
576 2613 739 2701 legamus,
760 2615 827 2681 nisi
843 2616 956 2699 qnod,
969 2627 1126 2687 monente.
1143 2617 1229 2686 Hem
1295 2670 1297 2674 .
1327 2649 1338 2676 :v

107 2749 227 2792 manno
249 2727 284 2790 in
305 2725 407 2810 praef.
430 2722 482 2789 ed.
504 2723 584 2790 Juv.
605 2746 638 2808 p.
661 2740 703 2808 x,
725 2723 779 2791 hic
805 2724 926 2810 locus,
941 2737 979 2793 ut
999 2731 1056 2812 qni
1077 2730 1112 2796 in
1133 2731 1250 2816 praa.

107 2839 204 2922 cipuo
227 2837 367 2906 Stoicae
381 2835 575 2920 disciplinae
596 2843 772 2921 praecepto
794 2836 952 2903 tradendo
973 2848 1131 2922 versetur,
1142 2841 1229 2908 dnos

107 2957 293 3035 postremos
317 2946 487 3014 satirarum
507 2944 627 3028 libros,
649 2946 707 3010 ubi
728 2945 813 3011 hanc
829 2945 1010 3012 doctrinam
1030 2958 1147 3034 poetae
1167 2950 1227 3017 im.
1261 2945 1262 2948 ’
1296 2928 1306 2936 ”

106 3059 222 3145 primis
243 3057 407 3142 placuisse
429 3063 579 3141 apertum
598 3063 673 3136 est,
686 3056 782 3139 qnasi
803 3057 966 3122 communi
992 3058 1134 3143 quodam
1155 3060 1228 3130 vin·
1261 3048 1263 3052 ¹
1290 3098 1341 3145 43,

107 3170 182 3236 culo
205 3167 340 3255 colligat
361 3174 396 3230 et
415 3166 594 3253 conjungit.
638 3165 705 3234 sed
726 3167 849 3232 indicia
868 3168 1042 3254 temporis,
1069 3190 1153 3255 quae
1174 3148 1226 3242 sa-

105 3282 150 3347 tis
167 3299 324 3364 expressa
340 3277 438 3343 habet
454 3276 537 3342 liber
559 3277 738 3360 quintus,
761 3275 802 3341 ad
824 3276 984 3343 Hadriani
999 3287 1234 3365 temporanee
1273 3318 1275 3323 ,

106 3389 304 3456 conducunt.
347 3385 487 3454 Satiranr
509 3386 638 3452 tertiam
660 3388 826 3453 decimam.
840 3410 935 3454 anno-r
949 3390 1009 3454 119
1032 3398 1094 3456 ant.
1112 3391 1224 3475 1271).
1249 3381 1253 3414 ³

106 3495 186 3568 Chr.
209 3499 429 3582 conscriptam
450 3519 522 3564 esse
545 3497 641 3564 docet
662 3523 693 3564 v.
718 3500 773 3564 17:
1268 3488 1301 3497 ”
1322 3495 1336 3505 ”

457 3628 551 3694 Stupet
568 3629 646 3692 haec,
665 3632 709 3694 qui
724 3629 780 3694 jam
797 3638 856 3694 post
873 3631 1070 3698 tergareliquit
1123 3655 1125 3659 ν

257 3724 404 3789 Sexaginta
420 3739 516 3782 annos,
532 3725 643 3791 Fontejo
662 3727 768 3776 consule
785 3701 871 3776 natus.

105 3843 198 3927 Quae
220 3841 320 3907 verba
341 3841 382 3905 ad
404 3840 487 3907 duos
510 3839 670 3927 Fontejos
691 3842 806 3907 referri
831 3849 987 3929 possunt,
1014 3862 1154 3927 qnorum
1174 3844 1234 3916 ale.
1301 3884 1304 3912 2
1334 3879 1342 3891 ·›

105 3963 155 4018 ter
178 3947 218 4018 O.
240 3950 399 4038 Fontejus
423 3947 544 4038 Capito
572 3951 689 4017 consul
716 3960 836 4018 erata.
859 3952 911 4034 59,
933 3951 1015 4017 alter
1037 3950 1077 4016 L.
1097 3952 1220 4019 Fonte'-
1262 3977 1264 3981 ·
1340 3997 1342 4003 ·

103 4068 157 4151 jus
192 4056 314 4148 Capito
335 4084 366 4129 a.
388 4062 428 4126 67
450 4085 483 4148 p.
508 4057 588 4130 Chr.
634 4063 673 4127 Si
706 4063 747 4128 ad
778 4070 950 4145 utrumqne
982 4061 1069 4128 hunc
1100 4084 1222 4128 annum·
1286 4055 1288 4082 ⁵

105 4174 276 4262 sexaginta
297 4195 401 4240 annos
423 4173 603 4256 addideris,
625 4172 866 4256 computabitur
888 4182 944 4238 aut
959 4196 988 4239 a.
1003 4175 1062 4240 119
1080 4186 1135 4239 aut
1148 4172 1253 4237 127:
1313 4171 1314 4175 ’

103 4284 252 4370 Quorum
273 4283 415 4371 priorem
436 4284 598 4370 praeferre
621 4282 748 4351 videtur
771 4281 983 4352 Hermannns
997 4285 1024 4349 l.
1037 4283 1296 4368 nm
