2722 4658
1124 215 1164 278 73

94 393 209 462 bendis
237 396 302 462 tale
329 418 447 464 nomen
480 405 711 482 usurpeturum
742 399 854 467 fuisse.
901 398 1001 486 Quod
1026 399 1144 466 attinet
1164 400 1208 469 ad

96 529 128 570 v.
149 506 333 573 see-564:

245 618 329 670 Nemo
346 619 546 670 mathematicus
564 619 669 684 genium
687 618 851 671 indemnatus
868 621 987 673 habebit:
1004 688 1011 693 ᾗ

244 711 298 763 Sed
317 714 362 776 qui
379 727 462 777 paene
479 714 557 776 perit,
577 713 618 762 eui
636 714 682 763 vix
699 714 727 762 in
744 712 861 778 Cyclada
877 715 946 764 mitti

245 805 366 872 Contigit
383 814 409 855 et
425 819 506 871 parva
523 805 630 855 tandem
649 807 763 857 carnIsse
782 805 902 870 Seripho,

44 950 47 955 ·
93 921 261 1007 aptissime
289 921 331 988 ad
358 921 464 988 edicta
489 919 671 988 Domitiani
698 921 892 1006 referuntur,
908 921 1041 1009 ,quibus
1069 924 1209 991 astrolo-

87 1053 170 1120 gos,
197 1051 326 1119 magos,
353 1028 541 1110 chaldaeos,
574 1029 736 1115 ejusmodi
762 1030 911 1099 homines
940 1031 1057 1100 iterum
1079 1055 1117 1126 cc
1139 1056 1211 1101 sae·

92 1142 169 1227 pius
191 1141 273 1207 urbe
294 1139 477 1226 expellebat
499 1139 546 1229 (v.
567 1139 686 1216 Imhof.
707 1139 731 1206 1.
753 1160 782 1204 c.
804 1164 837 1226 p.
859 1141 926 1230 93).
960 1141 1029 1210 Sed
1051 1145 1209 1210 incertum

66 1294 68 1303 ‚
91 1259 162 1336 est,
183 1257 292 1316 utrum
312 1250 353 1316 ad
375 1249 599 1317 Domitianum
621 1272 663 1316 au
689 1250 731 1317 ad
751 1248 926 1337 Trajanum
952 1253 1143 1322 referendus
1165 1254 1211 1341 sii

95 1385 128 1427 v.
151 1362 229 1429 205:

600 1491 678 1540 qunm
695 1476 770 1528 lance
788 1476 866 1527 beata

295 1569 410 1619 Dacicus
430 1577 456 1617 et
473 1569 570 1632 scripto
588 1569 677 1619 radiat
694 1541 865 1621 Germanicus
883 1583 956 1630 auro,

94 1707 194 1771 quum
210 1693 383 1769 utrumque
399 1684 462 1751 hos
479 1682 594 1753 titulos
610 1683 765 1753 habuisse
782 1693 913 1753 constet
934 1685 990 1772 (de
1005 1686 1130 1751 Demit.
1141 1685 1210 1752 vid.

93 1793 193 1860 Mari„
206 1791 295 1860 VIII
306 1792 466 1883 prooem.)
500 1793 566 1864 Sed
587 1794 696 1861 nullus
708 1795 892 1862 Domitiani
912 1817 1061 1862 nummus
1081 1795 1211 1862 aliudve

93 1912 337 1989 monumentum
353 1913 473 1988 exstat,
489 1905 523 1970 in
541 1927 606 1991 qno
624 1927 808 1996 cognomen
823 1904 1118 1994 Daciciinveniiur
1129 1905 1210 1995 (vid.

94 2013 205 2081 Burm.
217 2013 362 2092 adSueu
374 1993 473 2081 Dom.
485 2017 504 2080 6
516 2024 550 2082 ei
564 2014 684 2082 Imhof.
696 2017 719 2082 l.
731 2037 760 2082 c.
772 2039 805 2102 p.
821 2017 863 2080 54
874 2016 976 2107 ann).
1007 2016 1212 2101 Quamquam

94 2125 242 2211 equidem
257 2123 342 2192 hanc
356 2148 427 2218 rem
441 2149 510 2191 non
525 2126 637 2215 magni
652 2126 809 2210 ponderis
826 2147 899 2192 esse
915 2114 1007 2212 puto,
1018 2133 1126 2191 tamen
1137 2145 1212 2189 cau-

88 2237 159 2307 vtius
181 2237 321 2302 forsitan
344 2235 521 2321 egerimus,
544 2237 573 2300 si
595 2235 696 2301 verba
714 2234 886 2300 Iuvenalis
909 2234 951 2301 ad
966 2234 1141 2322 Trajanum
1162 2255 1212 2301 re·
1276 2261 1281 2273 ·

96 2344 251 2424 feremus,
273 2364 368 2428 quem
390 2363 573 2430 cognomen
584 2341 770 2408 Germanici
786 2343 901 2421 eodem
917 2365 1014 2427 anno,
1030 2367 1095 2430 quo
1112 2344 1213 2439 adopj

95 2459 183 2519 teins
206 2451 265 2532 sit,
287 2452 456 2538 accepisse
478 2451 576 2518 docet
595 2450 682 2517 Plin.
704 2449 827 2541 Paneg.
845 2453 876 2535 9,
898 2454 1016 2544 Dacici
1035 2476 1114 2520 vero
1135 2463 1214 2540 posi

93 2561 234 2647 primum
267 2559 389 2637 bellum
413 2561 574 2627 Dacicum
605 2560 735 2626 finitum
762 2563 880 2641 3.,103
902 2563 1083 2650 sumpsisse
1114 2562 1213 2629 fidem

94 2669 220 2735 faciunt
240 2671 363 2736 nummi
383 2670 480 2756 hujus
498 2672 575 2737 anni
591 2671 673 2759 (vid.
692 2671 738 2736 Η.
752 2670 913 2738 Francke.
930 2671 997 2737 Zur
1013 2672 1213 2741 Geschiohes

92 2775 230 2868 Trojano
252 2804 285 2867 p.
309 2778 349 2844 13
371 2783 445 2867 sq.)
460 2789 495 2847 et
514 2781 593 2848 Dio.
617 2777 713 2849 Cass.
734 2777 892 2849 LXVIII
909 2783 960 2847 10.
993 2777 1096 2850 Certa
1111 2783 1214 2870 igitur
1323 2763 1330 2780 ⁴

95 2891 253 2976 temporis
274 2899 354 2971 nota
375 2890 471 2957 nobis
489 2891 629 2974 quodam
646 2892 744 2958 modo
762 2891 916 2979 contigit,
934 2891 1095 2978 siquidem
1110 2891 1134 2958 J
1137 2914 1213 2977 uve-

94 3002 202 3068 nalem
224 3023 428 3067 nummorum
441 3000 582 3088 ,Trejeni
599 3023 776 3067 memorem
796 3000 900 3068 fuisse
927 2990 1093 3070 credamus
1116 3025 1213 3089 opor—

95 3119 153 3177 tet.
185 3108 284 3195 Quod
304 3131 405 3194 quum
425 3110 472 3174 ita
492 3109 548 3193 sii,
570 3110 727 3195 sequitur,
748 3119 785 3175 ut
805 3109 885 3176 haec
901 3111 1001 3177 satire
1017 3112 1107 3177 nulla
1122 3121 1213 3180 certa

96 3221 255 3306 temporis
276 3220 397 3286 indicia
417 3219 550 3302 habeat,
572 3241 655 3305 quae
678 3241 777 3305 supra
798 3241 827 3284 a.
851 3219 913 3285 103
934 3221 1163 3309 egrediantur„

195 3356 249 3421 De
270 3363 432 3440 tempore,
454 3375 520 3439 quo
541 3352 714 3420 Iuvenalis
742 3355 874 3420 satiram
897 3357 1103 3442 septimam
1125 3377 1212 3423 com·

94 3468 246 3553 posuisse
262 3464 444 3532 credendus
461 3465 520 3548 sit,
536 3463 630 3529 multi
645 3464 709 3529 viri
724 3463 813 3531 docti
831 3466 1033 3551 scripserunt
1045 3470 1162 3534 mirum
1177 3466 1212 3533 in

95 3572 225 3642 modum
237 3575 322 3642 inter
334 3574 656 3659 sedissentientes¹).
677 3572 744 3642 Sed
755 3571 915 3663 dirempta
925 3599 1011 3643 nunc
1022 3577 1104 3642 haec
1114 3599 1212 3660 quae·

96 3684 617 3772 siiohabendaesiTrajanusque
629 3678 764 3768 Caesar,
775 3708 870 3771 quem
881 3688 916 3753 in
927 3686 1063 3753 exordio
1074 3687 1212 3771 alloqui·

97 3807 151 3862 iur
167 3807 279 3881 poeta,
296 3796 520 3886 agnoscendus
536 3804 615 3882 posi
625 3796 900 3863 accuratissimam
912 3790 952 3862 O.
963 3796 1020 3862 Fr.
1031 3796 1211 3864 Hermanni

96 3907 367 3990 disputationem,
394 3929 459 3994 qua
484 3913 522 3971 ut
547 3907 581 3972 in
609 3906 670 3973 hac
691 3930 726 3974 re
754 3906 955 3994 expedienda
981 3908 1124 3974 omnium
1145 3931 1211 3976 me·

96 4017 160 4083 rito
184 4024 298 4085 nactus
319 4028 371 4087 est
392 4018 630 4101 assensionem,
658 4017 703 4083 ita
728 4018 763 4085 in
790 4016 908 4085 ceteris
930 4017 1017 4084 vitae
1038 4017 1209 4087 Iuvenalis

198 4251 221 4312 ¹)
239 4250 302 4302 Vid.
320 4249 352 4302 C.
368 4250 411 4303 Fr.
429 4251 574 4307 Hermanni
594 4251 659 4318 disp·
677 4252 711 4304 de
728 4251 788 4303 Juv.
805 4256 854 4302 sai.
874 4258 938 4318 sept.
957 4259 1035 4316 temp.
1054 4267 1078 4314 p.
1096 4251 1113 4300 3
1130 4267 1170 4313 sq.
