2722 4658
1121 219 1166 288 dd

93 401 543 484 alienisnntv.166-169,
569 404 603 468 in
631 403 750 486 quibus
776 403 810 469 id
837 426 966 492 qnoque
989 409 1061 492 juro
1088 408 1208 474 mirari-

91 515 167 581 dnm
183 523 250 600 est,
260 512 349 599 quod
359 522 457 599 poeta
467 511 578 600 plures
590 513 718 581 adfatur
730 517 817 601 (spes
827 555 870 567 —
881 537 937 583 coe
948 517 1097 602 decipit),
1106 539 1206 602 quum

91 633 126 692 et
145 625 180 688 in
201 623 367 710 prioribus
395 630 428 687 et
454 631 572 707 postea
598 623 755 691 sibirem
783 647 856 691 cum
884 649 950 693 uno
979 634 1107 695 tantum
1132 649 1207 696 esse

90 733 203 822 fingat
247 727 332 800 Oum
353 731 534 799 Ribbeckic
556 731 712 800 hacteuus
734 736 854 802 sentire
875 759 941 803 non
957 736 1081 819 dubito,
1097 738 1207 821 quoad

93 843 155 911 bos
176 845 281 910 locos
292 843 400 908 minus
429 851 506 927 apte
533 844 667 909 carmini
700 843 843 914 intextos
876 856 972 932 atque
994 847 1206 914 concinnitati

91 955 325 1021 sententiarum
347 953 513 1019 obstantes
535 975 609 1021 esse
630 963 725 1040 putat
738 957 784 1042 (v.
796 958 866 1024 Der
877 957 1056 1023 echteu.d.
1068 958 1207 1024 unecbte

91 1064 171 1131 Juv.
194 1086 227 1148 p.
252 1063 312 1128 109
334 1053 383 1147 sq.
406 1074 440 1130 et
462 1064 523 1128 139
546 1064 621 1152 sq.),
655 1086 703 1130 ac·
724 1076 833 1132 tamen
865 1064 1100 1155 transponendi
1131 1069 1209 1152 reji-

91 1173 262 1260 ciendique
283 1173 455 1257 medelam,
478 1196 542 1259 qua
563 1175 617 1240 bic
639 1196 769 1262 quoque
791 1197 832 1240 ex
852 1199 941 1243 more
964 1200 1023 1245 suo
1040 1198 1118 1244 usus
1140 1186 1206 1260 cst,

92 1284 245 1352 adbibere
267 1307 332 1354 non
354 1286 458 1352 audeo
481 1284 534 1351 vel
551 1287 663 1372 potius
679 1309 720 1352 nc
736 1286 970 1370 rectequldem
991 1287 1207 1373 adhibendam

91 1418 166 1464 esse
187 1417 316 1481 censeo,
338 1397 493 1481 quoniam
514 1403 647 1462 externa
668 1382 790 1463 indicia
812 1397 944 1463 omnino
966 1398 1095 1464 desunt.
1124 1397 1207 1482 Sed,

92 1508 181 1592 qnod
201 1507 303 1580 multo
329 1509 428 1574 etiam
449 1505 604 1572 audacius
627 1528 646 1570 a
667 1529 719 1573 me
747 1507 847 1573 statui
873 1505 1038 1591 plerisque
1065 1507 1207 1578 forsitan

90 1617 250 1701 videatur,
271 1617 379 1683 facere
400 1638 466 1682 non
487 1638 637 1703 possum,
666 1617 747 1701 quin
772 1618 857 1682 hanc
879 1616 1116 1683 deformitatem
1141 1618 1209 1704 ipsi

91 1729 244 1814 scriptori
266 1727 382 1812 culpae
402 1735 543 1808 vertam,
566 1727 688 1813 qnippe
709 1749 805 1814 quern
827 1728 971 1793 carmina
986 1748 1046 1793 sua
1066 1734 1209 1813 pertrac-

91 1847 214 1904 tantem
235 1837 323 1903 haud
344 1858 417 1902 raro
440 1860 526 1903 nova
547 1838 691 1904 intexere
715 1838 847 1905 solitum
869 1838 1016 1904 arbitrer
1048 1837 1099 1902 At
1118 1835 1210 1903 dixe·

91 1948 136 2013 rit
166 1948 327 2035 quispiam
359 1971 410 2015 me
435 1958 567 2037 poetam
594 1950 772 2016 carminum
800 1971 934 2016 snorum
960 1948 1154 2038 elegantiam
1174 1955 1212 2013 et

91 2060 357 2147 perspicuitatem
372 2082 475 2146 paene
492 2061 643 2128 consulto
667 2060 894 2129 obscurantem
915 2069 949 2125 et
964 2060 1210 2126 imminuentem

91 2172 212 2254 iacere,
234 2193 300 2257 qua
321 2171 476 2256 opinione
502 2172 559 2237 vix
585 2170 762 2256 quidquam
788 2169 960 2237 absurdius
988 2177 1044 2237 aut
1065 2166 1208 2255 cogitari

92 2287 148 2343 aut
173 2279 241 2344 dici
267 2300 383 2363 posse,
403 2281 594 2364 praesertim
615 2301 714 2363 quum
734 2279 775 2343 de
792 2280 952 2346 Juvenale
976 2278 1124 2363 quaestio
1146 2273 1208 2359 sit,

95 2389 152 2471 qui
173 2387 249 2452 inde
274 2387 315 2452 ab
343 2386 474 2452 ineunte
501 2394 622 2469 aetate,
644 2394 682 2450 ut
702 2384 842 2462 videtur,
864 2386 1036 2454 rhetoricis
1063 2385 1209 2452 imbutus

93 2498 224 2563 minime
246 2497 275 2564 is
296 2497 411 2580 fuerit,
432 2496 502 2583 qui,
524 2505 562 2561 nt
582 2496 691 2566 verbis
713 2494 846 2563 Horatii
867 2506 950 2581 utar,
969 2501 1036 2585 jam
1052 2516 1139 2562 nunc
1159 2496 1210 2562 di·

93 2628 167 2673 cere
197 2611 264 2693 jam
297 2627 386 2672 nunc.
416 2606 568 2673 debentia
599 2606 666 2672 dici
696 2607 860 2674 nescierit.
910 2606 1143 2674 Verumtamen
1174 2615 1210 2673 et

91 2740 194 2784 meam
218 2717 411 2784 sententiam
432 2717 564 2783 delendi
585 2727 666 2804 puto
688 2717 762 2805 ipsa
777 2719 889 2805 poesis
906 2717 1142 2786 Juvenalianae
1158 2715 1210 2783 in·

91 2828 182 2912 dole,
214 2850 297 2914 quae
319 2827 420 2894 multo
448 2829 552 2915 magis
579 2829 613 2892 in
642 2828 780 2916 singulis
812 2829 911 2895 rebus
937 2825 1153 2915 depingendis
1174 2835 1210 2892 et

93 2938 283 3022 dilatandis,
306 2959 401 3022 quam
423 2937 458 3001 in
480 2946 569 3002 certa
594 2938 732 3022 quadam
759 2938 889 3004 consilii
916 2945 950 3003 et
975 2937 1112 3003 rationis
1132 2957 1207 3018 nor·⁴

93 3071 145 3114 ma
167 3056 354 3114 constanter
379 3047 604 3132 persequenda
629 3054 790 3113 cernatur.
833 3046 900 3131 Qui
926 3054 1015 3113 recte
1035 3046 1137 3133 igitur
1157 3067 1211 3113 aa·

93 3180 168 3225 cum
189 3159 403 3243 reputaverit,
425 3165 546 3243 quanto
569 3157 677 3225 studio
699 3166 733 3224 et
753 3179 863 3224 amore
883 3156 1056 3224 Juvenalis
1082 3155 1117 3222 in
1143 3157 1207 3224 eis··

94 3271 167 3336 dem
185 3269 340 3354 exemplis
352 3269 441 3333 varie
458 3268 660 3334 illustrandis
672 3275 768 3354 atque
783 3267 901 3332 iterum
917 3289 955 3332 ac
973 3266 1102 3353 saepius
1113 3288 1209 3355 rspe-

94 3380 163 3446 titis
185 3380 294 3445 denuo
316 3376 550 3462 amplificandis
575 3378 773 3460 immoretur,
790 3399 883 3465 quam
901 3377 1029 3446 subitos
1044 3375 1097 3444 rel
1114 3378 1207 3461 nulla

93 3491 146 3557 vel
166 3488 334 3555 levissima
356 3488 408 3553 vel
429 3488 565 3554 fortuita
586 3508 684 3554 causa
704 3498 835 3573 arrepta
854 3488 1010 3555 transitus
1026 3486 1068 3554 ad
1088 3509 1207 3554 novam

95 3597 330 3687 ejusdemmodi
354 3597 624 3663 declamationum
653 3598 768 3663 seriem
786 3597 859 3666 -sibi
885 3607 992 3684 paret,
1020 3619 1116 3681 quam
1138 3597 1208 3663 vio··

94 3710 199 3776 lenter
215 3730 312 3795 saepe
329 3708 507 3774 orationem
522 3707 602 3774 illuc
618 3706 784 3792 deflectat,
800 3707 886 3775 unde
903 3709 1009 3794 primo
1026 3716 1129 3773 tracta
1146 3716 1207 3791 est,
1333 3711 1334 3715 ’

95 3821 125 3886 is
147 3819 295 3905 profecto
317 3841 383 3884 non
408 3818 577 3884 mirabitur
597 3841 649 3886 me
671 3826 812 3885 statuere
834 3817 1042 3900 Juvenalem,
1065 3817 1207 3904 singola·

96 3952 167 3996 rum
189 3929 419 3994 sententiarum
441 3927 611 3995 lenociniis
638 3937 769 4015 captum
796 3935 892 4023 a'tque
918 3927 1050 4014 ingenio
1079 3949 1138 3995 sno
1164 3927 1207 3993 ad

98 4039 277 4106 oraticnem
293 4038 462 4105 continuis
473 4038 648 4104 luminibus
665 4038 929 4121 collustrandum,
946 4057 1042 4121 quarn
1057 4037 1099 4104 ad
1114 4037 1207 4103 clari-

97 4156 180 4216 tates
202 4147 376 4233 aliqnando
398 4169 458 4235 per
478 4147 622 4214 umbram
638 4155 676 4214 et
693 4168 862 4215 recessum.
878 4146 1081 4231 excitandas,
1102 4147 1206 4234 magis

98 4259 236 4344 proclivi
268 4257 509 4346 indulgentem,
530 4279 585 4325 eas
612 4257 749 4341 satiras,
775 4271 864 4343 quas.
887 4258 1056 4338 maximam
1082 4265 1292 4394 pertramF
