2722 4658
143 153 213 240 .,
294 204 297 208 ,

133 336 212 404 ‘sed
234 361 327 425 quam
351 338 474 402 incerta
497 339 539 404 sit
561 344 630 402 tota
652 337 798 425 quaestio
815 337 853 401 de
871 337 1102 423 grammaticis,
1118 339 1174 423 qui
1196 336 1260 401 hoc

153 466 271 513 nomen
292 469 371 534 prae
394 470 429 514 se
451 450 572 531 ferant,
599 468 709 512 omnes
736 448 919 512 concedunt
941 435 996 536 (cf.
1018 448 1112 532 impr.
1135 445 1259 513 Osann.

125 622 128 635 ι
153 558 175 622 l.
198 560 242 644 c.)
263 557 341 623 Non
363 559 496 622 multum
523 559 624 645 igitur
651 558 852 623 auctoritatis
874 557 975 644 Probi
1002 581 1119 623 nomen
1140 557 1261 622 habere

108 705 114 713 ,
154 666 292 750 videtur,
316 667 344 734 si
365 667 400 733 id
422 668 552 733 omnino
579 651 716 734 retinere
745 668 903 733 volumus.
947 668 1005 736 Sin
1028 654 1105 733 vero
1127 669 1263 751 requiri-

153 789 218 862 tur,
240 779 324 844 unde
347 777 410 843 huc
431 779 622 860 manaverit,
645 788 714 842 tota
735 800 788 843 res
811 784 851 842 ad
869 781 1096 869 *auctoritatem
1117 778 1159 846 G.
1182 777 1268 842 Val-
1354 774 1355 777 '

154 889 393 956 laereferenda
419 896 484 969 est,
518 890 572 974 qui
599 890 682 952 hanc
708 889 809 952 vitam
842 909 913 952 cum
942 889 1074 957 scholiis
1102 877 1264 976 tamquam

154 1001 255 1069 Probi
281 1003 405 1090 primus
434 1000 550 1079 edidit,
583 999 640 1065 sed
668 1000 848 1063 accuratius
877 1021 942 1064 non
969 1000 1094 1083 docuit,
1121 1002 1206 1066 unde
1229 1003 1264 1066 id

155 1137 271 1179 nomen
306 1112 477 1177 hausisset.
532 1109 607 1174 Huc
641 1109 780 1191 accedit,
814 1116 850 1172 ut
882 1109 1007 1174 scholia
1038 1110 1094 1173 illa
1121 1135 1139 1174 a
1166 1111 1266 1175 Valla

152 1224 263 1290 Probo
287 1222 449 1288 vindicata
471 1224 592 1285 tantam
614 1217 754 1305 prodant
781 1219 1023 1285 similitudinem
1051 1221 1266 1302 scholiorum,

155 1357 237 1419 quae
270 1332 388 1397 habent
420 1331 549 1396 codices
578 1330 776 1408 Pithoeanus
806 1339 839 1396 et
867 1329 1106 1416 sangallensis,
1134 1341 1170 1417 ut
1197 1333 1266 1396 fere
1306 1332 1310 1337 ’

153 1466 214 1531 pro
236 1457 333 1510 certo·
353 1442 505 1508 affirmari
536 1443 643 1527 possit
669 1464 707 1504 ea
733 1464 773 1506 ex
799 1442 913 1506 eodem
947 1442 1036 1506 fonte
1063 1453 1157 1528 atque
1187 1443 1267 1508 haec

154 1576 320 1638 manasse,
342 1554 429 1638 quod
453 1553 533 1618 scite
561 1552 797 1616 domonstravit
819 1551 860 1618 Ο.
883 1553 1024 1618 Jahnius
1046 1553 1067 1615 l.
1085 1576 1112 1618 c.
1131 1578 1162 1639 p.
1185 1569 1268 1617 cciv

135 1658 214 1752 sq,
237 1669 392 1752 cujusque
419 1666 465 1728 rei
484 1654 682 1748 'judicandae
711 1663 915 1728 occasionem
941 1665 1113 1750 unicuique
1141 1650 1270 1750 paravit

154 1771 315 1842 uberrima
346 1775 460 1838 critica
492 1750 709 1854 annotatione,
743 1796 806 1858 qua
839 1774 963 1838 scholia
996 1787 1105 1840 vetera
1131 1775 1270 1839 editioni

110 1960 112 1967 .
155 1910 232 1954 suae
255 1885 426 1951 duvenalis
449 1861 574 1967 adjecta
596 1885 759 1949 instruxit.
792 1883 856 1951 Sed
874 1886 996 1949 nullum
1014 1907 1149 1968 prorsus
1166 1886 1270 1951 Probi

91 2065 100 2073 ,
155 1997 297 2067 nominis
320 1995 493 2082 vestigium
516 1995 549 2058 in
571 1994 643 2058 cod.
667 1994 754 2058 Pith.
777 2003 811 2059 et
834 1991 933 2082 Sang.
957 1999 1071 2060 exstat.
1083 1994 1190 2060 Valde
1208 1997 1272 2084 igi-

92 2168 96 2188 ,
156 2116 209 2173 tur
231 2106 406 2172 verisimile
430 2126 467 2170 ac
489 2128 590 2190 paene
614 2115 736 2168 certum
758 2105 894 2186 videtur,
916 2106 949 2170 id
972 2100 1108 2190 quodet
1125 2105 1268 2174 Jahnius

155 2219 177 2283 l.
206 2213 233 2283 c.
263 2202 293 2303 p.
322 2233 419 2281 ctvn
451 2227 484 2282 et
511 2203 664 2281 Osannus
693 2217 714 2280 l.
742 2238 769 2280 c.
797 2239 829 2301 p.
857 2218 928 2296 279,
948 2219 1108 2308 ,quamvis
1137 2218 1270 2301 quidem

155 2330 209 2395 hic
232 2329 326 2394 aliam
358 2329 441 2393 inter
475 2327 600 2393 scholia
628 2327 743 2392 Vallae
770 2336 804 2391 et
830 2328 977 2392 codicum
1000 2329 1085 2392 Pith.
1109 2340 1142 2392 et
1168 2326 1271 2414 Sang.

155 2439 534 2514 rationemintercodere
558 2440 663 2502 minus
685 2447 773 2501 recte
798 2439 937 2521 judicet,
965 2418 1164 2518 existimant,
1188 2437 1270 2501 Val-

155 2551 220 2614 lam
243 2573 360 2616 nomen
381 2549 483 2614 Probi
498 2551 610 2613 nescio
629 2549 713 2612 unde
736 2559 854 2612 temere
878 2559 1040 2632 arreptum
1062 2549 1272 2631 scholiastae,

74 2736 77 2740 A
158 2682 252 2746 quem
274 2661 305 2724 in
329 2659 440 2723 codice
465 2682 523 2724 suo
547 2660 683 2738 invenit,
707 2660 777 2723 sine
801 2659 864 2720 ulla
887 2667 974 2723 certa
996 2661 1120 2723 ratione
1138 2660 1272 2725 tribuis·

156 2791 206 2852 se,
230 2769 419 2855 praesertim
443 2752 540 2852 quum
563 2792 676 2853 parum
693 2771 726 2833 in
743 2769 863 2833 talibus
881 2770 976 2834 rebus
995 2744 1183 2856 diligentiae
1200 2774 1271 2856 ejus

158 2892 303 2966 tempore
325 2880 478 2946 adhibere
502 2879 652 2945 solerent.
674 2895 677 2901 '
696 2879 761 2948 Sed
783 2881 881 2944 missa
909 2881 1098 2966 quaestione
1121 2881 1160 2945 de
1183 2881 1272 2948 vitae

129 3001 130 3004 ’
158 2993 327 3078 scriptore,
350 2992 434 3058 undo
457 2991 512 3054 vix
534 2991 619 3055 aliud
642 2992 770 3076 assequi
792 2991 903 3073 liceat,
931 2993 994 3058 nisi
1018 2994 1089 3080 quis
1112 3014 1181 3056 eam
1206 3017 1274 3060 non

159 3104 405 3189 conscripserit,
430 3102 470 3168 ad
488 3102 620 3181 eandem
639 3103 768 3166 omnino
787 3094 1016 3167 aestimandam
1034 3102 1272 3190 aggrediamur.
1323 3175 1332 3184 ,

159 3212 232 3278 Hac
255 3213 288 3277 in
310 3235 344 3277 re
373 3213 570 3278 absolvenda
602 3214 740 3298 primum
774 3212 939 3277 observari
972 3211 1069 3277 debet
1095 3237 1163 3277 eam
1192 3217 1274 3282 satis

160 3333 323 3390 vetustam
356 3330 452 3406 atque
492 3323 575 3387 inter
611 3316 736 3386 omnes‘
762 3321 1020 3405 antiquissimam
1053 3346 1124 3388 esse
1158 3324 1277 3390 videri.

160 3433 247 3498 Nam
279 3433 405 3498 etiamsi
444 3433 656 3497 concedamus
695 3441 825 3518 oportet
865 3431 1021 3518 originem
1055 3436 1140 3519 ejus,
1175 3423 1277 3516 quum

163 3553 227 3609 tam
248 3566 352 3629 pauca
374 3555 406 3607 et
433 3544 556 3607 incerta
578 3544 707 3637 tradat,
736 3542 777 3607 ad
804 3550 950 3628 tempora
977 3546 1072 3608 aetati
1101 3545 1276 3612 duvenalis

162 3652 310 3741 proxima
333 3664 388 3718 aut
409 3651 581 3718 intervallo
604 3657 643 3718 ab
667 3678 710 3719 ea
737 3654 823 3718 haud
850 3654 998 3739 longiore
1031 3655 1194 3738 disjuncta
1216 3660 1278 3722 mi-

163 3766 248 3830 nime
271 3764 385 3830 referri
406 3786 521 3850 posse,
549 3772 655 3830 tamen
683 3789 722 3830 ex
750 3786 829 3830 sano
854 3764 978 3850 judicio
1007 3747 1206 3850 optimoque¹
1226 3792 1279 3834 or·

159 3876 251 3956 dine,
272 3897 336 3960 quo
348 3875 432 3940 inter
445 3886 567 3941 ceteras
579 3876 664 3940 vitas
676 3877 795 3940 eminet
807 3883 903 3957 atque
913 3875 1058 3958 excellit,
1075 3878 1181 3962 omnia
1195 3880 1279 3962 fere,

163 4006 245 4070 qnae
263 3985 296 4048 in
314 3985 364 4050 his
377 3986 416 4050 de
434 3987 502 4051 vita
512 3986 536 4051 J
538 3984 683 4050 uvenalis
695 4008 735 4050 ex
748 3985 939 4069 antiquitate
951 3984 991 4050 ad
1003 3988 1186 4070 posteriora
1197 3997 1279 4056 tem-

157 4120 240 4183 pora
263 4097 480 4177 manaverint,
503 4095 639 4159 maxime
661 4095 834 4179 perspicue
856 4104 889 4158 et
910 4095 1052 4160 dilucide
1070 4097 1189 4164 ibidem
1212 4110 1280 4167 se'r-

157 4217 240 4272 rata
263 4228 335 4273 esse
362 4207 433 4288 jure
462 4205 655 4292 colligimus.
700 4204 788 4289 Quid
816 4227 893 4270 vero
924 4207 1106 4273 narratione
1132 4210 1189 4274 illa
1211 4195 1282 4300 jam
