2722 4658
222 220 267 286 ts

178 410 229 478 tio
249 408 421 495 interiecto
448 405 532 473 alius
558 413 637 492 post
662 404 760 470 alium
788 405 875 471 intra
900 425 1020 477 aunum
1047 403 1110 470 100
1129 412 1164 469 et
1182 403 1297 470 ineun-

156 586 157 590 ,
182 530 249 589 tem
271 540 391 587 annum
412 518 475 583 104
495 515 623 600 emissi,
644 515 685 582 de
706 536 771 602 qua
792 515 954 602 temporis
977 514 1198 601 descriptione
1218 535 1297 580 mox

180 629 276 717 plura
296 627 483 715 disputabo.
515 625 666 710 Namque
686 647 723 692 re
743 625 841 692 etiam
861 646 922 712 per
943 645 979 692 se
1000 622 1208 691 considerata
1226 631 1298 690 tau·

180 748 248 806 tam
275 738 431 825 temporis
463 736 652 804 distantiam
678 735 764 802 inter
789 734 936 803 ultimam
968 733 1139 821 scriptoris
1166 756 1299 802 manum

184 848 428 932 carminumque
455 847 630 914 editionem
650 848 873 933 interponere,
900 854 938 911 ut
965 847 1083 913 satiras
1116 843 1179 912 sub
1205 845 1300 911 initia

180 956 313 1046 Trajani
344 957 548 1044 conscriptas
580 966 657 1043 post
692 955 919 1044 duodeviginti
961 976 1120 1030 annorum
1157 957 1301 1040 spatium

178 1067 349 1138 Hadriano
381 1068 561 1154 imperante
588 1068 624 1133 in
645 1067 751 1134 lucem
783 1066 887 1133 editas
920 1088 994 1134 esse
1030 1065 1217 1148 credamus,
1242 1065 1301 1132 vix

179 1187 434 1247 consentaneum
454 1177 628 1245 videbitur.
670 1175 744 1243 Nec
774 1199 854 1244 vero
886 1175 949 1243 hac
980 1176 1143 1244 sonantia
1167 1174 1204 1240 in
1229 1174 1302 1246 Sal·

179 1290 284 1357 masio
301 1286 328 1377 ¹)
374 1296 409 1356 et
443 1287 618 1354 Dodwello
658 1285 792 1375 (Annei.
825 1286 938 1373 Quint.
970 1308 1003 1372 p.
1037 1288 1114 1375 161)
1152 1285 1301 1354 offenda-

180 1422 262 1481 mur,
300 1407 338 1465 ot
368 1398 425 1483 qui
456 1407 545 1465 recte
577 1397 689 1485 potius
729 1419 826 1482 quam
863 1397 961 1464 nimis
999 1398 1093 1463 anxie
1126 1397 1300 1464 auotorita-

178 1518 246 1577 tem
277 1509 365 1577 vitae
391 1507 410 1573 Ι
436 1509 576 1596 amplexi
607 1508 711 1575 fuisse
743 1508 809 1574 diei
841 1508 986 1594 possint,
1023 1505 1154 1594 quando
1189 1529 1301 1575 eorum

179 1628 327 1707 tempore
347 1619 430 1686 haec
449 1621 518 1709 vita
538 1642 604 1686 una
624 1619 822 1686 innotuerat.
854 1616 924 1685 Ubi
945 1640 1043 1704 quum
1058 1617 1208 1705 legerent
1223 1641 1301 1706 poe·

178 1737 245 1795 tam
267 1729 511 1817 octogenarium
537 1731 572 1795 in
598 1728 731 1796 erilium
757 1750 831 1797 esse
857 1731 1011 1815 ejectum,
1043 1728 1233 1795 necessario
1259 1729 1301 1796 ud

179 1839 313 1909 exilium
339 1840 374 1903 in
400 1836 562 1906 Hadriani
593 1845 741 1924 tempora
773 1837 1018 1924 deprimendum
1044 1836 1299 1905 adducebantur.

178 1946 258 2032 Sed,
276 1949 306 2021 si
322 1946 508 2034 quidquam,
520 1971 561 2015 ex
576 1949 745 2036 superiore
761 1948 983 2035 disputatione
998 1970 1071 2016 mea
1080 1948 1116 2015 id
1132 1971 1195 2036 pro
1210 1957 1300 2016 certo

177 2059 260 2145 poni
279 2078 379 2145 posse
400 2059 601 2126 confidenter
622 2068 714 2145 puto,
735 2059 867 2127 minime
889 2080 1024 2128 neeesse
1050 2079 1123 2127 esse
1146 2059 1302 2147 scriptori

178 2169 268 2236 ritae
288 2168 308 2236 I
328 2169 364 2237 in
384 2169 446 2235 hac
472 2194 508 2238 re
535 2170 632 2237 fidem
664 2168 797 2238 donare.
840 2171 944 2259 Atqui
971 2171 1112 2258 vestigia
1136 2169 1196 2237 ills
1216 2158 1308 2236 anri?

179 2278 357 2367 quissimae
378 2281 575 2347 narrationis
597 2302 698 2369 supra
718 2282 896 2366 illustrata,
918 2303 1002 2367 quae
1023 2304 1085 2349 uos
1101 2281 1144 2348 od
1166 2280 1301 2348 exilium

177 2397 295 2477 poetae
317 2391 518 2480 octogenarii
532 2392 745 2481 rejiciendum
760 2401 871 2480 aperte
887 2391 1089 2476 conducant,
1111 2413 1181 2458 non
1201 2392 1301 2458 modo

178 2502 268 2573 omni
289 2521 369 2569 cura
389 2523 508 2571 causae
528 2503 697 2590 cujusdam
717 2501 865 2587 idoneae,
891 2523 992 2587 quare
1014 2511 1079 2568 tam
1101 2523 1177 2569 sero
1199 2501 1302 2570 Juve-

178 2609 246 2676 nali
267 2611 333 2676 tale
355 2610 436 2695 quid
468 2612 627 2679 accidisse
659 2619 828 2698 putemus,
859 2612 1031 2701 fingendae
1057 2635 1119 2680 nos
1145 2613 1300 2698 protinus

178 2716 371 2804 expediunt,
400 2712 459 2787 sed
486 2721 583 2785 etiam
604 2718 808 2787 Hadrianum
829 2730 990 2809 tamquam
1016 2722 1107 2789 exilii
1132 2731 1300 2790 auctorem

179 2826 260 2895 satis
282 2836 372 2895 certe
392 2828 580 2897 excludunt.
623 2829 739 2919 Itaque
761 2830 971 2899 nullomodo
994 2842 1051 2898 ant
1070 2854 1145 2900 cum
1160 2832 1300 2900 Ribbec-

176 2939 236 3005 kio
257 2938 300 3006 ad
321 2940 456 3008 alteram
477 2941 652 3010 editionem
679 2944 828 3033 refugere
853 2951 910 3009 aut
934 2943 1140 3010 Hadrianum
1166 2944 1300 3010 omnino

177 3050 318 3117 retinere
340 3073 424 3137 opus
446 3074 520 3119 esse
540 3062 641 3138 patet.
684 3055 737 3119 Ae
758 3064 935 3141 postremo,
957 3053 1046 3139 quod
1068 3053 1299 3121 observatione

178 3159 266 3226 haud
287 3160 458 3247 iudignum
479 3164 676 3248 putaverim,
703 3173 874 3250 tantopere
896 3188 915 3231 a
935 3163 1225 3231 verisimilitudine
1247 3163 1300 3231 ab·

177 3271 292 3338 horret
311 3268 441 3358 longior
460 3272 519 3339 ille
541 3271 666 3358 dilatio,
693 3295 758 3360 qua
783 3273 878 3339 multi
905 3275 1002 3341 trium
1028 3275 1179 3362 priorum
1198 3273 1300 3342 libro-

177 3403 250 3447 rum
272 3379 450 3448 editionem
470 3383 666 3449 retardatam
687 3383 792 3451 fuisse
814 3384 1035 3468 crediderunt,
1056 3394 1094 3450 ut
1114 3407 1222 3471 paene
1243 3385 1300 3450 mi-

177 3513 249 3559 rum
264 3491 441 3574 videretur,
458 3513 557 3576 quere
572 3493 648 3559 libri
666 3497 732 3581 jam
750 3494 810 3559 sub
826 3495 1018 3561 Domitiano
1038 3495 1186 3562 inchoati
1201 3505 1300 3584 atque

177 3623 218 3668 ex
240 3602 348 3687 aliqua
369 3609 461 3688 parte
488 3603 584 3670 etiam
616 3605 796 3691 scriptione
828 3605 985 3672 elaborati
1012 3616 1045 3673 et
1070 3607 1214 3692 perfecti
1234 3617 1300 3676 sta·

177 3713 236 3779 tim
257 3721 336 3800 post
355 3722 494 3780 mortem
515 3717 584 3800 ojus
599 3738 668 3781 uon
682 3716 879 3801 prodierint,
900 3717 965 3784 uisi
981 3719 1135 3804 perfacile
1151 3719 1301 3788 intellec·

178 3829 215 3886 tu
241 3831 344 3908 esset,
371 3824 483 3891 orbam
508 3822 692 3893 Romanum
718 3827 856 3893 saevitia
883 3829 1088 3913 superiorum
1113 3837 1301 3917 temporum

181 3989 383 4003 m

143 4144 152 4151 .
208 4160 211 4167 Ι
281 4099 305 4161 ¹)
322 4101 409 4152 Verba
426 4105 482 4169 ojus
498 4104 527 4153 in
544 4102 638 4155 Exere.
656 4102 726 4154 Pliu.
743 4120 768 4168 p.
785 4104 837 4155 452
854 4105 921 4156 haec
938 4111 1009 4155 snut:
1037 4104 1101 4158 ”Sic
1122 4122 1184 4172 pars
1208 4123 1301 4162 aarum

90 4164 396 4405 Ὓροιιιίιίιιιο
415 4197 571 4263 composita,
589 4213 649 4262 pars
667 4199 714 4249 sub
733 4199 857 4266 Trojano,
876 4188 1003 4266 quaedam
1021 4201 1069 4251 sub
1087 4201 1227 4256 Hadriano
1246 4205 1302 4258 fao·

181 4337 213 4406 a
254 4297 344 4336 omues
361 4292 448 4339 autem
465 4290 596 4343 Hadriani
614 4306 679 4344 aevo
697 4293 822 4344 recitatae
840 4301 866 4344 et
882 4291 1058 4357 publicatae.”
1117 4304 1120 4309 ’
