<?xml version="1.0" encoding="UTF-8"?>
<!DOCTYPE html PUBLIC "-//W3C//DTD XHTML 1.0 Transitional//EN"
    "http://www.w3.org/TR/xhtml1/DTD/xhtml1-transitional.dtd">
<html xmlns="http://www.w3.org/1999/xhtml" xml:lang="en" lang="en">
 <head>
  <title>
</title>
<meta http-equiv="Content-Type" content="text/html;charset=utf-8" />
  <meta name='ocr-system' content='tesseract 3.04.00' />
  <meta name='ocr-capabilities' content='ocr_page ocr_carea ocr_par ocr_line ocrx_word'/>
</head>
<body>
  <div class='ocr_page' id='page_1' title='image "./detemporibusvit00synngoog_0039.png"; bbox 0 0 2722 4658; ppageno 0'>
   <div class='ocr_carea' id='block_1_1' title="bbox 34 3934 65 4085">
    <p class='ocr_par' dir='ltr' id='par_1_1' title="bbox 34 3934 65 4099">
     <span class='ocr_line' id='line_1_1' title="bbox 34 3934 65 4085; baseline 0 14"><span class='ocrx_word' id='word_1_1' title='bbox 34 3934 65 4085; x_wconf 76' lang='lat' dir='ltr'>l</span> 
     </span>
    </p>
   </div>
   <div class='ocr_carea' id='block_1_2' title="bbox 36 4095 1222 4337">
    <p class='ocr_par' dir='ltr' id='par_1_2' title="bbox 36 4095 1222 4337">
     <span class='ocr_line' id='line_1_2' title="bbox 36 4095 1222 4213; baseline 0.01 -31"><span class='ocrx_word' id='word_1_2' title='bbox 36 4095 48 4140; x_wconf 54' lang='lat'><em>³</em></span> <span class='ocrx_word' id='word_1_3' title='bbox 87 4114 290 4206; x_wconf 64' lang='lat' dir='ltr'>‚concipies</span> <span class='ocrx_word' id='word_1_4' title='bbox 323 4121 436 4209; x_wconf 75' lang='lat' dir='ltr'>Alium</span> <span class='ocrx_word' id='word_1_5' title='bbox 457 4123 558 4203; x_wconf 87' lang='lat' dir='ltr'>enim,</span> <span class='ocrx_word' id='word_1_6' title='bbox 579 4123 643 4188; x_wconf 89' lang='lat' dir='ltr'>nisi</span> <span class='ocrx_word' id='word_1_7' title='bbox 665 4124 721 4207; x_wconf 91' lang='lat' dir='ltr'>qui</span> <span class='ocrx_word' id='word_1_8' title='bbox 742 4146 794 4189; x_wconf 89' lang='lat' dir='ltr'>res</span> <span class='ocrx_word' id='word_1_9' title='bbox 812 4147 830 4189; x_wconf 89' lang='lat' dir='ltr'>a</span> <span class='ocrx_word' id='word_1_10' title='bbox 847 4125 1001 4190; x_wconf 88' lang='lat' dir='ltr'>memoria</span> <span class='ocrx_word' id='word_1_11' title='bbox 1022 4131 1222 4213; x_wconf 82' lang='lat' dir='ltr'>exposuerit,</span> 
     </span>
     <span class='ocr_line' id='line_1_3' title="bbox 107 4226 1222 4337; baseline 0.011 -45"><span class='ocrx_word' id='word_1_12' title='bbox 107 4226 123 4301; x_wconf 65' lang='grc'>’,</span> <span class='ocrx_word' id='word_1_13' title='bbox 168 4229 242 4317; x_wconf 88' lang='lat' dir='ltr'>ipso</span> <span class='ocrx_word' id='word_1_14' title='bbox 264 4231 391 4298; x_wconf 89' lang='lat' dir='ltr'>nomine</span> <span class='ocrx_word' id='word_1_15' title='bbox 413 4252 537 4299; x_wconf 89' lang='lat' dir='ltr'>errasse</span> <span class='ocrx_word' id='word_1_16' title='bbox 561 4234 614 4297; x_wconf 84' lang='lat' dir='ltr'>vix</span> <span class='ocrx_word' id='word_1_17' title='bbox 636 4231 765 4337; x_wconf 79' lang='lat' dir='ltr'>credere</span> <span class='ocrx_word' id='word_1_18' title='bbox 787 4233 879 4317; x_wconf 89' lang='lat' dir='ltr'>licet,</span> <span class='ocrx_word' id='word_1_19' title='bbox 900 4245 936 4300; x_wconf 91' lang='lat' dir='ltr'>ut</span> <span class='ocrx_word' id='word_1_20' title='bbox 958 4237 1002 4301; x_wconf 87' lang='lat' dir='ltr'>M.</span> <span class='ocrx_word' id='word_1_21' title='bbox 1018 4237 1138 4303; x_wconf 72' lang='lat' dir='ltr'>danius</span> <span class='ocrx_word' id='word_1_22' title='bbox 1158 4240 1222 4304; x_wconf 80' lang='lat' dir='ltr'>Ju-</span> 
     </span>
    </p>
   </div>
   <div class='ocr_carea' id='block_1_3' title="bbox 160 199 203 260">
    <p class='ocr_par' dir='ltr' id='par_1_3' title="bbox 160 199 203 260">
     <span class='ocr_line' id='line_1_4' title="bbox 160 199 203 260; baseline 0 0"><span class='ocrx_word' id='word_1_23' title='bbox 160 199 203 260; x_wconf 78' lang='lat'>32</span> 
     </span>
    </p>
   </div>
   <div class='ocr_carea' id='block_1_4' title="bbox 196 388 1241 743">
    <p class='ocr_par' dir='ltr' id='par_1_4' title="bbox 196 388 1241 743">
     <span class='ocr_line' id='line_1_5' title="bbox 198 388 1241 488; baseline 0.001 -28"><span class='ocrx_word' id='word_1_24' title='bbox 198 388 311 462; x_wconf 85' lang='lat' dir='ltr'>exilio</span> <span class='ocrx_word' id='word_1_25' title='bbox 339 389 529 486; x_wconf 90' lang='lat' dir='ltr'>ampliavit</span> <span class='ocrx_word' id='word_1_26' title='bbox 555 398 695 486; x_wconf 85' lang='lat' dir='ltr'>satyras</span> <span class='ocrx_word' id='word_1_27' title='bbox 716 398 753 461; x_wconf 89' lang='lat' dir='ltr'>et</span> <span class='ocrx_word' id='word_1_28' title='bbox 780 391 955 488; x_wconf 85' lang='lat' dir='ltr'>pleraque</span> <span class='ocrx_word' id='word_1_29' title='bbox 975 388 1150 473; x_wconf 88' lang='lat' dir='ltr'>mutavit,</span> <span class='ocrx_word' id='word_1_30' title='bbox 1182 389 1241 461; x_wconf 91' lang='lat' dir='ltr'>in·</span> 
     </span>
     <span class='ocr_line' id='line_1_6' title="bbox 196 514 1240 627; baseline 0.001 -38"><span class='ocrx_word' id='word_1_31' title='bbox 196 516 414 617; x_wconf 78' lang='lat' dir='ltr'>vehiturque</span> <span class='ocrx_word' id='word_1_32' title='bbox 441 518 477 590; x_wconf 93' lang='lat' dir='ltr'>in</span> <span class='ocrx_word' id='word_1_33' title='bbox 499 516 643 627; x_wconf 82' lang='lat' dir='ltr'>¹cineres</span> <span class='ocrx_word' id='word_1_34' title='bbox 669 515 879 591; x_wconf 85' lang='lat' dir='ltr'>Domitiani.</span> <span class='ocrx_word' id='word_1_35' title='bbox 925 514 1092 591; x_wconf 81' lang='lat' dir='ltr'><strong>Decessit</strong></span> <span class='ocrx_word' id='word_1_36' title='bbox 1117 517 1240 618; x_wconf 90' lang='lat' dir='ltr'>longo</span> 
     </span>
     <span class='ocr_line' id='line_1_7' title="bbox 198 642 1203 743; baseline 0 -25"><span class='ocrx_word' id='word_1_37' title='bbox 198 645 298 718; x_wconf 88' lang='lat' dir='ltr'>senio</span> <span class='ocrx_word' id='word_1_38' title='bbox 328 642 515 722; x_wconf 88' lang='lat' dir='ltr'>confectus</span> <span class='ocrx_word' id='word_1_39' title='bbox 543 645 629 720; x_wconf 89' lang='lat' dir='ltr'>exul</span> <span class='ocrx_word' id='word_1_40' title='bbox 655 644 844 719; x_wconf 87' lang='lat' dir='ltr'>Antonino</span> <span class='ocrx_word' id='word_1_41' title='bbox 871 643 938 718; x_wconf 89' lang='lat' dir='ltr'>Pio</span> <span class='ocrx_word' id='word_1_42' title='bbox 963 644 1203 743; x_wconf 84' lang='lat' dir='ltr'>imperatore.</span> 
     </span>
    </p>
   </div>
   <div class='ocr_carea' id='block_1_5' title="bbox 102 814 1283 4100">
    <p class='ocr_par' dir='ltr' id='par_1_5' title="bbox 112 814 1283 4100">
     <span class='ocr_line' id='line_1_8' title="bbox 120 814 1241 913; baseline -0.002 -26"><span class='ocrx_word' id='word_1_43' title='bbox 120 818 156 887; x_wconf 83' lang='lat' dir='ltr'>Si</span> <span class='ocrx_word' id='word_1_44' title='bbox 178 821 261 885; x_wconf 90' lang='lat' dir='ltr'>hanc</span> <span class='ocrx_word' id='word_1_45' title='bbox 282 823 381 886; x_wconf 85' lang='lat' dir='ltr'>vitam</span> <span class='ocrx_word' id='word_1_46' title='bbox 404 844 462 913; x_wconf 80' lang='lat' dir='ltr'>per</span> <span class='ocrx_word' id='word_1_47' title='bbox 485 840 519 885; x_wconf 91' lang='lat' dir='ltr'>se</span> <span class='ocrx_word' id='word_1_48' title='bbox 542 821 800 902; x_wconf 88' lang='lat' dir='ltr'>consideramus,</span> <span class='ocrx_word' id='word_1_49' title='bbox 817 820 857 886; x_wconf 91' lang='lat' dir='ltr'>ad</span> <span class='ocrx_word' id='word_1_50' title='bbox 874 814 1014 906; x_wconf 90' lang='lat' dir='ltr'>reliquas</span> <span class='ocrx_word' id='word_1_51' title='bbox 1036 819 1117 884; x_wconf 92' lang='lat' dir='ltr'>nihil</span> <span class='ocrx_word' id='word_1_52' title='bbox 1141 842 1241 906; x_wconf 90' lang='lat' dir='ltr'>spec·</span> 
     </span>
     <span class='ocr_line' id='line_1_9' title="bbox 122 930 1239 1017; baseline 0.002 -23"><span class='ocrx_word' id='word_1_53' title='bbox 122 937 241 1011; x_wconf 79' lang='lat' dir='ltr'>tentes,</span> <span class='ocrx_word' id='word_1_54' title='bbox 265 931 321 995; x_wconf 84' lang='lat' dir='ltr'>vix</span> <span class='ocrx_word' id='word_1_55' title='bbox 344 940 410 1012; x_wconf 91' lang='lat' dir='ltr'>est,</span> <span class='ocrx_word' id='word_1_56' title='bbox 433 931 522 1013; x_wconf 91' lang='lat' dir='ltr'>quod</span> <span class='ocrx_word' id='word_1_57' title='bbox 543 954 612 996; x_wconf 92' lang='lat' dir='ltr'>eam</span> <span class='ocrx_word' id='word_1_58' title='bbox 634 931 697 996; x_wconf 84' lang='lat' dir='ltr'>fide</span> <span class='ocrx_word' id='word_1_59' title='bbox 719 932 884 1017; x_wconf 81' lang='lat' dir='ltr'>indignam</span> <span class='ocrx_word' id='word_1_60' title='bbox 907 930 1091 996; x_wconf 87' lang='lat' dir='ltr'>habeamus</span> <span class='ocrx_word' id='word_1_61' title='bbox 1136 931 1239 996; x_wconf 92' lang='lat' dir='ltr'>Adeo</span> 
     </span>
     <span class='ocr_line' id='line_1_10' title="bbox 102 1041 1241 1126; baseline 0.003 -22.048"><span class='ocrx_word' id='word_1_62' title='bbox 102 1041 205 1104; x_wconf 89' lang='lat' dir='ltr'>enim</span> <span class='ocrx_word' id='word_1_63' title='bbox 226 1041 402 1126; x_wconf 85' lang='lat' dir='ltr'>prudenter</span> <span class='ocrx_word' id='word_1_64' title='bbox 423 1050 456 1104; x_wconf 91' lang='lat' dir='ltr'>et</span> <span class='ocrx_word' id='word_1_65' title='bbox 475 1043 589 1126; x_wconf 88' lang='lat' dir='ltr'>perito,</span> <span class='ocrx_word' id='word_1_66' title='bbox 611 1049 648 1104; x_wconf 91' lang='lat' dir='ltr'>ut</span> <span class='ocrx_word' id='word_1_67' title='bbox 669 1041 758 1105; x_wconf 88' lang='lat' dir='ltr'>videt</span> <span class='ocrx_word' id='word_1_68' title='bbox 745 1050 807 1124; x_wconf 88' lang='lat' dir='ltr'>tur,</span> <span class='ocrx_word' id='word_1_69' title='bbox 835 1064 947 1107; x_wconf 90' lang='lat' dir='ltr'>omnes</span> <span class='ocrx_word' id='word_1_70' title='bbox 973 1042 1059 1105; x_wconf 85' lang='lat' dir='ltr'>vitae</span> <span class='ocrx_word' id='word_1_71' title='bbox 1087 1041 1241 1107; x_wconf 84' lang='lat' dir='ltr'>Juvena-</span> 
     </span>
     <span class='ocr_line' id='line_1_11' title="bbox 118 1150 1237 1236; baseline 0.004 -23"><span class='ocrx_word' id='word_1_72' title='bbox 118 1150 160 1216; x_wconf 94' lang='lat' dir='ltr'>lis</span> <span class='ocrx_word' id='word_1_73' title='bbox 188 1151 331 1217; x_wconf 84' lang='lat' dir='ltr'>rationes</span> <span class='ocrx_word' id='word_1_74' title='bbox 361 1151 528 1236; x_wconf 80' lang='lat' dir='ltr'>proponit,</span> <span class='ocrx_word' id='word_1_75' title='bbox 551 1173 648 1236; x_wconf 88' lang='lat' dir='ltr'>quae,</span> <span class='ocrx_word' id='word_1_76' title='bbox 672 1152 700 1214; x_wconf 92' lang='lat' dir='ltr'>si</span> <span class='ocrx_word' id='word_1_77' title='bbox 727 1151 767 1216; x_wconf 89' lang='lat' dir='ltr'>ab</span> <span class='ocrx_word' id='word_1_78' title='bbox 789 1151 947 1216; x_wconf 87' lang='lat' dir='ltr'>histrione</span> <span class='ocrx_word' id='word_1_79' title='bbox 973 1150 1030 1214; x_wconf 94' lang='lat' dir='ltr'>illo</span> <span class='ocrx_word' id='word_1_80' title='bbox 1058 1152 1237 1218; x_wconf 87' lang='lat' dir='ltr'>&#39;&#39;extremis</span> 
     </span>
     <span class='ocr_line' id='line_1_12' title="bbox 120 1243 1249 1346; baseline 0.003 -20"><span class='ocrx_word' id='word_1_81' title='bbox 120 1260 301 1326; x_wconf 89' lang='lat' dir='ltr'>Domitiani</span> <span class='ocrx_word' id='word_1_82' title='bbox 322 1261 542 1346; x_wconf 90' lang='lat' dir='ltr'>temporibus’&#39;</span> <span class='ocrx_word' id='word_1_83' title='bbox 565 1268 800 1345; x_wconf 78' lang='lat' dir='ltr'>tempotente,</span> <span class='ocrx_word' id='word_1_84' title='bbox 833 1243 874 1325; x_wconf 90' lang='lat' dir='ltr'>de</span> <span class='ocrx_word' id='word_1_85' title='bbox 899 1283 964 1345; x_wconf 94' lang='lat' dir='ltr'>quo</span> <span class='ocrx_word' id='word_1_86' title='bbox 991 1281 1127 1346; x_wconf 90' lang='lat' dir='ltr'>prorsus</span> <span class='ocrx_word' id='word_1_87' title='bbox 1151 1247 1249 1329; x_wconf 89' lang='lat' dir='ltr'>nihil</span> 
     </span>
     <span class='ocr_line' id='line_1_13' title="bbox 119 1368 1283 1456; baseline 0.003 -22"><span class='ocrx_word' id='word_1_88' title='bbox 119 1379 319 1456; x_wconf 90' lang='lat' dir='ltr'>compertum</span> <span class='ocrx_word' id='word_1_89' title='bbox 351 1371 520 1450; x_wconf 90' lang='lat' dir='ltr'>hahemus,</span> <span class='ocrx_word' id='word_1_90' title='bbox 548 1368 754 1449; x_wconf 75' lang='lat' dir='ltr'>discesseris,</span> <span class='ocrx_word' id='word_1_91' title='bbox 781 1393 840 1455; x_wconf 91' lang='lat' dir='ltr'>pro</span> <span class='ocrx_word' id='word_1_92' title='bbox 871 1368 949 1437; x_wconf 75' lang='lat' dir='ltr'>nere</span> <span class='ocrx_word' id='word_1_93' title='bbox 983 1370 1111 1436; x_wconf 90' lang='lat' dir='ltr'>traditis</span> <span class='ocrx_word' id='word_1_94' title='bbox 1145 1371 1239 1444; x_wconf 84' lang='lat' dir='ltr'>haud</span> <span class='ocrx_word' id='word_1_95' title='bbox 1280 1385 1283 1391; x_wconf 84' lang='grc'><em>“</em></span> 
     </span>
     <span class='ocr_line' id='line_1_14' title="bbox 117 1480 1238 1575; baseline 0.004 -30"><span class='ocrx_word' id='word_1_96' title='bbox 117 1480 292 1548; x_wconf 85' lang='lat' dir='ltr'>difficulter</span> <span class='ocrx_word' id='word_1_97' title='bbox 313 1482 388 1547; x_wconf 92' lang='lat' dir='ltr'>duci</span> <span class='ocrx_word' id='word_1_98' title='bbox 413 1481 563 1565; x_wconf 48' lang='lat' dir='ltr'>possint*</span> <span class='ocrx_word' id='word_1_99' title='bbox 596 1480 693 1563; x_wconf 80' lang='lat' dir='ltr'>Quod</span> <span class='ocrx_word' id='word_1_100' title='bbox 721 1480 764 1544; x_wconf 91' lang='lat' dir='ltr'>ad</span> <span class='ocrx_word' id='word_1_101' title='bbox 789 1482 894 1565; x_wconf 90' lang='lat' dir='ltr'>ipsam</span> <span class='ocrx_word' id='word_1_102' title='bbox 921 1490 1103 1575; x_wconf 84' lang='lat' dir='ltr'>temporum</span> <span class='ocrx_word' id='word_1_103' title='bbox 1131 1483 1238 1571; x_wconf 84' lang='lat' dir='ltr'>signi·</span> 
     </span>
     <span class='ocr_line' id='line_1_15' title="bbox 116 1590 1237 1687; baseline 0.004 -31"><span class='ocrx_word' id='word_1_104' title='bbox 116 1592 299 1658; x_wconf 90' lang='lat' dir='ltr'>ficationem</span> <span class='ocrx_word' id='word_1_105' title='bbox 332 1590 576 1687; x_wconf 26' lang='lat' dir='ltr'>attinetpnihil</span> <span class='ocrx_word' id='word_1_106' title='bbox 609 1590 740 1656; x_wconf 90' lang='lat' dir='ltr'>credere</span> <span class='ocrx_word' id='word_1_107' title='bbox 778 1590 929 1675; x_wconf 85' lang='lat' dir='ltr'>prohibet</span> <span class='ocrx_word' id='word_1_108' title='bbox 963 1591 1141 1675; x_wconf 90' lang='lat' dir='ltr'>hominem,</span> <span class='ocrx_word' id='word_1_109' title='bbox 1177 1596 1237 1682; x_wconf 86' lang='lat' dir='ltr'>qui</span> 
     </span>
     <span class='ocr_line' id='line_1_16' title="bbox 117 1699 1238 1792; baseline 0.003 -24"><span class='ocrx_word' id='word_1_110' title='bbox 117 1711 216 1792; x_wconf 87' lang='lat' dir='ltr'>longo</span> <span class='ocrx_word' id='word_1_111' title='bbox 243 1703 334 1769; x_wconf 88' lang='lat' dir='ltr'>senio</span> <span class='ocrx_word' id='word_1_112' title='bbox 368 1702 534 1767; x_wconf 89' lang='lat' dir='ltr'>confectus</span> <span class='ocrx_word' id='word_1_113' title='bbox 567 1699 749 1766; x_wconf 83' lang='lat' dir='ltr'>decessisse</span> <span class='ocrx_word' id='word_1_114' title='bbox 776 1711 933 1783; x_wconf 88' lang='lat' dir='ltr'>narretur,</span> <span class='ocrx_word' id='word_1_115' title='bbox 961 1703 1021 1768; x_wconf 91' lang='lat' dir='ltr'>sub</span> <span class='ocrx_word' id='word_1_116' title='bbox 1048 1701 1146 1768; x_wconf 87' lang='lat' dir='ltr'>finem</span> <span class='ocrx_word' id='word_1_117' title='bbox 1176 1707 1238 1771; x_wconf 92' lang='lat' dir='ltr'>im·</span> 
     </span>
     <span class='ocr_line' id='line_1_17' title="bbox 116 1810 1237 1900; baseline 0.001 -20"><span class='ocrx_word' id='word_1_118' title='bbox 116 1817 199 1900; x_wconf 91' lang='lat' dir='ltr'>perii</span> <span class='ocrx_word' id='word_1_119' title='bbox 226 1813 407 1879; x_wconf 84' lang='lat' dir='ltr'>Domitiani</span> <span class='ocrx_word' id='word_1_120' title='bbox 434 1812 467 1876; x_wconf 92' lang='lat' dir='ltr'>in</span> <span class='ocrx_word' id='word_1_121' title='bbox 496 1810 628 1874; x_wconf 87' lang='lat' dir='ltr'>exilium</span> <span class='ocrx_word' id='word_1_122' title='bbox 655 1811 790 1876; x_wconf 90' lang='lat' dir='ltr'>missum</span> <span class='ocrx_word' id='word_1_123' title='bbox 814 1812 979 1894; x_wconf 90' lang='lat' dir='ltr'>usquead</span> <span class='ocrx_word' id='word_1_124' title='bbox 1001 1822 1140 1879; x_wconf 88' lang='lat' dir='ltr'>aetatem</span> <span class='ocrx_word' id='word_1_125' title='bbox 1163 1818 1237 1882; x_wconf 88' lang='lat' dir='ltr'>An·</span> 
     </span>
     <span class='ocr_line' id='line_1_18' title="bbox 115 1919 1236 2011; baseline 0.004 -23"><span class='ocrx_word' id='word_1_126' title='bbox 115 1925 221 2011; x_wconf 89' lang='lat' dir='ltr'>tonini</span> <span class='ocrx_word' id='word_1_127' title='bbox 248 1922 300 1987; x_wconf 94' lang='lat' dir='ltr'>Pii</span> <span class='ocrx_word' id='word_1_128' title='bbox 332 1923 432 1986; x_wconf 80' lang='lat' dir='ltr'>vitam</span> <span class='ocrx_word' id='word_1_129' title='bbox 464 1920 674 2004; x_wconf 86' lang='lat' dir='ltr'>produxisse,</span> <span class='ocrx_word' id='word_1_130' title='bbox 707 1942 805 2003; x_wconf 90' lang='lat' dir='ltr'>quum</span> <span class='ocrx_word' id='word_1_131' title='bbox 843 1923 890 1987; x_wconf 91' lang='lat' dir='ltr'>sic</span> <span class='ocrx_word' id='word_1_132' title='bbox 923 1924 1062 2006; x_wconf 89' lang='lat' dir='ltr'>spatium</span> <span class='ocrx_word' id='word_1_133' title='bbox 1090 1919 1236 2007; x_wconf 84' lang='lat' dir='ltr'>quadra·</span> 
     </span>
     <span class='ocr_line' id='line_1_19' title="bbox 116 2010 1236 2122; baseline 0.007 -23"><span class='ocrx_word' id='word_1_134' title='bbox 116 2035 208 2122; x_wconf 84' lang='lat' dir='ltr'>ginta</span> <span class='ocrx_word' id='word_1_135' title='bbox 219 2034 358 2119; x_wconf 92' lang='lat' dir='ltr'>quinque</span> <span class='ocrx_word' id='word_1_136' title='bbox 374 2031 441 2097; x_wconf 84' lang='lat' dir='ltr'>fere</span> <span class='ocrx_word' id='word_1_137' title='bbox 458 2053 615 2095; x_wconf 90' lang='lat' dir='ltr'>annorum</span> <span class='ocrx_word' id='word_1_138' title='bbox 626 2010 858 2116; x_wconf 81' lang='lat' dir='ltr'>computemus.</span> <span class='ocrx_word' id='word_1_139' title='bbox 885 2032 952 2100; x_wconf 86' lang='lat' dir='ltr'>Sed</span> <span class='ocrx_word' id='word_1_140' title='bbox 963 2028 1148 2101; x_wconf 79' lang='lat' dir='ltr'>continetur</span> <span class='ocrx_word' id='word_1_141' title='bbox 1160 2047 1236 2106; x_wconf 89' lang='lat' dir='ltr'>tota</span> 
     </span>
     <span class='ocr_line' id='line_1_20' title="bbox 117 2143 1234 2232; baseline 0.004 -22"><span class='ocrx_word' id='word_1_142' title='bbox 117 2147 196 2210; x_wconf 87' lang='lat' dir='ltr'>haec</span> <span class='ocrx_word' id='word_1_143' title='bbox 218 2145 365 2228; x_wconf 84' lang='lat' dir='ltr'>quaestio</span> <span class='ocrx_word' id='word_1_144' title='bbox 399 2144 540 2219; x_wconf 25' lang='lat' dir='ltr'>vitarum,</span> <span class='ocrx_word' id='word_1_145' title='bbox 568 2143 810 2227; x_wconf 88' lang='lat' dir='ltr'>comparatione</span> <span class='ocrx_word' id='word_1_146' title='bbox 843 2165 903 2208; x_wconf 92' lang='lat' dir='ltr'>nec</span> <span class='ocrx_word' id='word_1_147' title='bbox 936 2145 1019 2210; x_wconf 89' lang='lat' dir='ltr'>hano</span> <span class='ocrx_word' id='word_1_148' title='bbox 1053 2147 1160 2232; x_wconf 83' lang='lat' dir='ltr'>ipsam</span> <span class='ocrx_word' id='word_1_149' title='bbox 1189 2150 1234 2216; x_wconf 94' lang='lat' dir='ltr'>ob</span> 
     </span>
     <span class='ocr_line' id='line_1_21' title="bbox 115 2253 1234 2337; baseline 0.004 -16"><span class='ocrx_word' id='word_1_150' title='bbox 115 2279 185 2321; x_wconf 89' lang='lat' dir='ltr'>rem</span> <span class='ocrx_word' id='word_1_151' title='bbox 207 2263 459 2321; x_wconf 89' lang='lat' dir='ltr'>consentaneum</span> <span class='ocrx_word' id='word_1_152' title='bbox 481 2253 542 2316; x_wconf 89' lang='lat' dir='ltr'>erit</span> <span class='ocrx_word' id='word_1_153' title='bbox 569 2253 636 2316; x_wconf 83' lang='lat' dir='ltr'>vim</span> <span class='ocrx_word' id='word_1_154' title='bbox 663 2260 785 2317; x_wconf 86' lang='lat' dir='ltr'>tantam</span> <span class='ocrx_word' id='word_1_155' title='bbox 817 2275 895 2337; x_wconf 90' lang='lat' dir='ltr'>prae</span> <span class='ocrx_word' id='word_1_156' title='bbox 928 2256 1044 2319; x_wconf 89' lang='lat' dir='ltr'>ceteris</span> <span class='ocrx_word' id='word_1_157' title='bbox 1072 2255 1150 2322; x_wconf 88' lang='lat' dir='ltr'>vitis</span> <span class='ocrx_word' id='word_1_158' title='bbox 1175 2261 1234 2326; x_wconf 91' lang='lat' dir='ltr'>uni</span> 
     </span>
     <span class='ocr_line' id='line_1_22' title="bbox 117 2361 1236 2453; baseline -0.002 -20"><span class='ocrx_word' id='word_1_159' title='bbox 117 2367 181 2433; x_wconf 92' lang='lat' dir='ltr'>soli</span> <span class='ocrx_word' id='word_1_160' title='bbox 201 2365 352 2445; x_wconf 86' lang='lat' dir='ltr'>tribuere,</span> <span class='ocrx_word' id='word_1_161' title='bbox 374 2372 411 2427; x_wconf 92' lang='lat' dir='ltr'>ut</span> <span class='ocrx_word' id='word_1_162' title='bbox 433 2361 473 2426; x_wconf 90' lang='lat' dir='ltr'>ad</span> <span class='ocrx_word' id='word_1_163' title='bbox 494 2361 591 2428; x_wconf 91' lang='lat' dir='ltr'>fidem</span> <span class='ocrx_word' id='word_1_164' title='bbox 613 2386 722 2428; x_wconf 92' lang='lat' dir='ltr'>earum</span> <span class='ocrx_word' id='word_1_165' title='bbox 743 2362 981 2451; x_wconf 85' lang='lat' dir='ltr'>infringendam</span> <span class='ocrx_word' id='word_1_166' title='bbox 1008 2367 1114 2430; x_wconf 86' lang='lat' dir='ltr'>valere</span> <span class='ocrx_word' id='word_1_167' title='bbox 1137 2378 1236 2453; x_wconf 82' lang='lat' dir='ltr'>pute-</span> 
     </span>
     <span class='ocr_line' id='line_1_23' title="bbox 113 2461 1233 2561; baseline 0.005 -21"><span class='ocrx_word' id='word_1_168' title='bbox 113 2485 176 2540; x_wconf 89' lang='lat' dir='ltr'>tur.</span> <span class='ocrx_word' id='word_1_169' title='bbox 219 2474 328 2559; x_wconf 84' lang='lat' dir='ltr'>Quare</span> <span class='ocrx_word' id='word_1_170' title='bbox 361 2474 467 2539; x_wconf 92' lang='lat' dir='ltr'>omnis</span> <span class='ocrx_word' id='word_1_171' title='bbox 494 2471 535 2537; x_wconf 92' lang='lat' dir='ltr'>de</span> <span class='ocrx_word' id='word_1_172' title='bbox 562 2461 622 2536; x_wconf 85' lang='lat' dir='ltr'>hac</span> <span class='ocrx_word' id='word_1_173' title='bbox 648 2474 716 2537; x_wconf 85' lang='lat' dir='ltr'>vita</span> <span class='ocrx_word' id='word_1_174' title='bbox 743 2472 936 2557; x_wconf 88' lang='lat' dir='ltr'>disceptatio</span> <span class='ocrx_word' id='word_1_175' title='bbox 965 2476 1006 2539; x_wconf 89' lang='lat' dir='ltr'>ad</span> <span class='ocrx_word' id='word_1_176' title='bbox 1032 2474 1233 2561; x_wconf 89' lang='lat' dir='ltr'>reliquarum</span> 
     </span>
     <span class='ocr_line' id='line_1_24' title="bbox 114 2583 1234 2673; baseline 0.01 -25"><span class='ocrx_word' id='word_1_177' title='bbox 114 2586 272 2650; x_wconf 89' lang='lat' dir='ltr'>rationem</span> <span class='ocrx_word' id='word_1_178' title='bbox 304 2583 463 2669; x_wconf 87' lang='lat' dir='ltr'>dirigatur</span> <span class='ocrx_word' id='word_1_179' title='bbox 494 2603 634 2647; x_wconf 79' lang='lat' dir='ltr'>necasse.</span> <span class='ocrx_word' id='word_1_180' title='bbox 659 2592 728 2664; x_wconf 90' lang='lat' dir='ltr'>est,</span> <span class='ocrx_word' id='word_1_181' title='bbox 764 2583 853 2665; x_wconf 92' lang='lat' dir='ltr'>quod</span> <span class='ocrx_word' id='word_1_182' title='bbox 880 2587 1026 2668; x_wconf 88' lang='lat' dir='ltr'>profecto</span> <span class='ocrx_word' id='word_1_183' title='bbox 1050 2609 1087 2651; x_wconf 92' lang='lat' dir='ltr'>eo</span> <span class='ocrx_word' id='word_1_184' title='bbox 1116 2591 1234 2673; x_wconf 85' lang='lat' dir='ltr'>aptius</span> 
     </span>
     <span class='ocr_line' id='line_1_25' title="bbox 114 2690 1232 2788; baseline 0.008 -31"><span class='ocrx_word' id='word_1_185' title='bbox 114 2693 186 2767; x_wconf 86' lang='lat' dir='ltr'>fieri</span> <span class='ocrx_word' id='word_1_186' title='bbox 216 2713 316 2777; x_wconf 91' lang='lat' dir='ltr'>posse</span> <span class='ocrx_word' id='word_1_187' title='bbox 348 2690 486 2772; x_wconf 88' lang='lat' dir='ltr'>videtur,</span> <span class='ocrx_word' id='word_1_188' title='bbox 520 2713 584 2774; x_wconf 93' lang='lat' dir='ltr'>quo</span> <span class='ocrx_word' id='word_1_189' title='bbox 618 2695 738 2777; x_wconf 89' lang='lat' dir='ltr'>majore</span> <span class='ocrx_word' id='word_1_190' title='bbox 771 2692 831 2756; x_wconf 89' lang='lat' dir='ltr'>hae</span> <span class='ocrx_word' id='word_1_191' title='bbox 864 2694 949 2759; x_wconf 90' lang='lat' dir='ltr'>inter</span> <span class='ocrx_word' id='word_1_192' title='bbox 977 2717 1011 2760; x_wconf 94' lang='lat' dir='ltr'>se</span> <span class='ocrx_word' id='word_1_193' title='bbox 1033 2701 1232 2788; x_wconf 79' lang='lat' dir='ltr'>cqu‘unctae</span> 
     </span>
     <span class='ocr_line' id='line_1_26' title="bbox 116 2800 1232 2892; baseline 0.008 -24"><span class='ocrx_word' id='word_1_194' title='bbox 116 2811 199 2892; x_wconf 90' lang='lat' dir='ltr'>sunt</span> <span class='ocrx_word' id='word_1_195' title='bbox 225 2800 448 2883; x_wconf 81' lang='lat' dir='ltr'>similitudine,</span> <span class='ocrx_word' id='word_1_196' title='bbox 480 2807 519 2863; x_wconf 86' lang='lat' dir='ltr'>ut</span> <span class='ocrx_word' id='word_1_197' title='bbox 550 2823 660 2866; x_wconf 90' lang='lat' dir='ltr'>omnes</span> <span class='ocrx_word' id='word_1_198' title='bbox 688 2824 728 2866; x_wconf 87' lang='lat' dir='ltr'>ex</span> <span class='ocrx_word' id='word_1_199' title='bbox 760 2802 872 2868; x_wconf 89' lang='lat' dir='ltr'>eodem</span> <span class='ocrx_word' id='word_1_200' title='bbox 903 2803 994 2870; x_wconf 86' lang='lat' dir='ltr'>fonte</span> <span class='ocrx_word' id='word_1_201' title='bbox 1023 2829 1057 2872; x_wconf 93' lang='lat' dir='ltr'>se</span> <span class='ocrx_word' id='word_1_202' title='bbox 1091 2806 1232 2876; x_wconf 88' lang='lat' dir='ltr'>fluxisse</span> 
     </span>
     <span class='ocr_line' id='line_1_27' title="bbox 114 2909 1231 3004; baseline 0.009 -26"><span class='ocrx_word' id='word_1_203' title='bbox 114 2912 335 3000; x_wconf 87' lang='lat' dir='ltr'>profiteantur.</span> <span class='ocrx_word' id='word_1_204' title='bbox 380 2909 589 2996; x_wconf 89' lang='lat' dir='ltr'>Summopere</span> <span class='ocrx_word' id='word_1_205' title='bbox 611 2912 711 2998; x_wconf 88' lang='lat' dir='ltr'>igitur</span> <span class='ocrx_word' id='word_1_206' title='bbox 733 2914 911 2979; x_wconf 86' lang='lat' dir='ltr'>cavendum</span> <span class='ocrx_word' id='word_1_207' title='bbox 940 2939 1011 2981; x_wconf 91' lang='lat' dir='ltr'>esse</span> <span class='ocrx_word' id='word_1_208' title='bbox 1034 2939 1162 3004; x_wconf 88' lang='lat' dir='ltr'>censeo,</span> <span class='ocrx_word' id='word_1_209' title='bbox 1187 2945 1231 2988; x_wconf 89' lang='lat' dir='ltr'>ne</span> 
     </span>
     <span class='ocr_line' id='line_1_28' title="bbox 114 3021 1250 3127; baseline 0.008 -39"><span class='ocrx_word' id='word_1_210' title='bbox 114 3024 193 3109; x_wconf 90' lang='lat' dir='ltr'>quid</span> <span class='ocrx_word' id='word_1_211' title='bbox 214 3032 333 3088; x_wconf 89' lang='lat' dir='ltr'>temere</span> <span class='ocrx_word' id='word_1_212' title='bbox 356 3021 546 3108; x_wconf 87' lang='lat' dir='ltr'>prohemus,</span> <span class='ocrx_word' id='word_1_213' title='bbox 580 3023 669 3104; x_wconf 93' lang='lat' dir='ltr'>quod</span> <span class='ocrx_word' id='word_1_214' title='bbox 697 3023 737 3088; x_wconf 91' lang='lat' dir='ltr'>ab</span> <span class='ocrx_word' id='word_1_215' title='bbox 759 3024 822 3090; x_wconf 90' lang='lat' dir='ltr'>hoc</span> <span class='ocrx_word' id='word_1_216' title='bbox 849 3025 939 3089; x_wconf 84' lang='lat' dir='ltr'>fonte</span> <span class='ocrx_word' id='word_1_217' title='bbox 961 3027 1056 3092; x_wconf 89' lang='lat' dir='ltr'>nimis</span> <span class='ocrx_word' id='word_1_218' title='bbox 1079 3031 1250 3127; x_wconf 54' lang='lat' dir='ltr'>recedat,v</span> 
     </span>
     <span class='ocr_line' id='line_1_29' title="bbox 113 3133 1229 3221; baseline 0.012 -25"><span class='ocrx_word' id='word_1_219' title='bbox 113 3134 304 3216; x_wconf 88' lang='lat' dir='ltr'>praesertim</span> <span class='ocrx_word' id='word_1_220' title='bbox 325 3155 433 3216; x_wconf 88' lang='lat' dir='ltr'>quum,</span> <span class='ocrx_word' id='word_1_221' title='bbox 455 3133 490 3195; x_wconf 92' lang='lat' dir='ltr'>in</span> <span class='ocrx_word' id='word_1_222' title='bbox 511 3139 647 3216; x_wconf 83' lang='lat' dir='ltr'>quantas</span> <span class='ocrx_word' id='word_1_223' title='bbox 669 3133 809 3219; x_wconf 90' lang='lat' dir='ltr'>ineptias</span> <span class='ocrx_word' id='word_1_224' title='bbox 832 3136 995 3200; x_wconf 91' lang='lat' dir='ltr'>incurrere</span> <span class='ocrx_word' id='word_1_225' title='bbox 1011 3146 1157 3221; x_wconf 88' lang='lat' dir='ltr'>quotque</span> <span class='ocrx_word' id='word_1_226' title='bbox 1172 3165 1229 3210; x_wconf 91' lang='lat' dir='ltr'>res</span> 
     </span>
     <span class='ocr_line' id='line_1_30' title="bbox 114 3241 1229 3330; baseline 0.008 -23"><span class='ocrx_word' id='word_1_227' title='bbox 114 3265 154 3308; x_wconf 87' lang='lat' dir='ltr'>ex</span> <span class='ocrx_word' id='word_1_228' title='bbox 177 3242 309 3306; x_wconf 90' lang='lat' dir='ltr'>arbitrio</span> <span class='ocrx_word' id='word_1_229' title='bbox 330 3241 452 3328; x_wconf 88' lang='lat' dir='ltr'>fingere</span> <span class='ocrx_word' id='word_1_230' title='bbox 475 3241 564 3307; x_wconf 92' lang='lat' dir='ltr'>soliti</span> <span class='ocrx_word' id='word_1_231' title='bbox 592 3243 658 3307; x_wconf 88' lang='lat' dir='ltr'>sint</span> <span class='ocrx_word' id='word_1_232' title='bbox 683 3245 901 3329; x_wconf 86' lang='lat' dir='ltr'>posteriorum</span> <span class='ocrx_word' id='word_1_233' title='bbox 929 3255 1106 3330; x_wconf 89' lang='lat' dir='ltr'>tem-porum</span> <span class='ocrx_word' id='word_1_234' title='bbox 1129 3251 1229 3317; x_wconf 90' lang='lat' dir='ltr'>scho-</span> 
     </span>
     <span class='ocr_line' id='line_1_31' title="bbox 113 3351 1228 3442; baseline 0.009 -26"><span class='ocrx_word' id='word_1_235' title='bbox 113 3353 241 3433; x_wconf 86' lang='lat' dir='ltr'>liastae,</span> <span class='ocrx_word' id='word_1_236' title='bbox 256 3372 356 3436; x_wconf 84' lang='lat' dir='ltr'>supra</span> <span class='ocrx_word' id='word_1_237' title='bbox 373 3352 508 3416; x_wconf 89' lang='lat' dir='ltr'>abunde·</span> <span class='ocrx_word' id='word_1_238' title='bbox 519 3351 721 3437; x_wconf 86' lang='lat' dir='ltr'>exploratum</span> <span class='ocrx_word' id='word_1_239' title='bbox 739 3354 885 3420; x_wconf 91' lang='lat' dir='ltr'>arbitrer.</span> <span class='ocrx_word' id='word_1_240' title='bbox 922 3355 1101 3442; x_wconf 89' lang='lat' dir='ltr'>Propterea</span> <span class='ocrx_word' id='word_1_241' title='bbox 1116 3361 1228 3427; x_wconf 84' lang='lat' dir='ltr'>facere</span> 
     </span>
     <span class='ocr_line' id='line_1_32' title="bbox 114 3461 1225 3552; baseline 0.008 -26"><span class='ocrx_word' id='word_1_242' title='bbox 114 3483 181 3527; x_wconf 93' lang='lat' dir='ltr'>non</span> <span class='ocrx_word' id='word_1_243' title='bbox 202 3483 352 3547; x_wconf 89' lang='lat' dir='ltr'>possum,</span> <span class='ocrx_word' id='word_1_244' title='bbox 375 3461 452 3544; x_wconf 90' lang='lat' dir='ltr'>quin</span> <span class='ocrx_word' id='word_1_245' title='bbox 474 3463 554 3527; x_wconf 91' lang='lat' dir='ltr'>mihi</span> <span class='ocrx_word' id='word_1_246' title='bbox 575 3465 786 3548; x_wconf 89' lang='lat' dir='ltr'>persuadeam</span> <span class='ocrx_word' id='word_1_247' title='bbox 808 3465 890 3530; x_wconf 87' lang='lat' dir='ltr'>hene</span> <span class='ocrx_word' id='word_1_248' title='bbox 911 3468 1162 3552; x_wconf 84' lang='lat' dir='ltr'>quoquevitam</span> <span class='ocrx_word' id='word_1_249' title='bbox 1184 3493 1225 3536; x_wconf 87' lang='lat' dir='ltr'>ex</span> 
     </span>
     <span class='ocr_line' id='line_1_33' title="bbox 112 3555 1226 3666; baseline 0.011 -32"><span class='ocrx_word' id='word_1_250' title='bbox 112 3571 226 3666; x_wconf 79' lang='lat' dir='ltr'>eodem</span> <span class='ocrx_word' id='word_1_251' title='bbox 247 3572 337 3636; x_wconf 89' lang='lat' dir='ltr'>fonte</span> <span class='ocrx_word' id='word_1_252' title='bbox 359 3592 397 3635; x_wconf 89' lang='lat' dir='ltr'>ao</span> <span class='ocrx_word' id='word_1_253' title='bbox 418 3582 541 3637; x_wconf 89' lang='lat' dir='ltr'>ceteras</span> <span class='ocrx_word' id='word_1_254' title='bbox 563 3555 711 3639; x_wconf 84' lang='lat' dir='ltr'>haustam</span> <span class='ocrx_word' id='word_1_255' title='bbox 733 3596 822 3658; x_wconf 90' lang='lat' dir='ltr'>esse,</span> <span class='ocrx_word' id='word_1_256' title='bbox 851 3577 908 3640; x_wconf 93' lang='lat' dir='ltr'>sed</span> <span class='ocrx_word' id='word_1_257' title='bbox 929 3578 968 3642; x_wconf 91' lang='lat' dir='ltr'>ah</span> <span class='ocrx_word' id='word_1_258' title='bbox 990 3575 1119 3643; x_wconf 80' lang='lat' dir='ltr'>homine</span> <span class='ocrx_word' id='word_1_259' title='bbox 1141 3600 1226 3663; x_wconf 91' lang='lat' dir='ltr'>quo-</span> 
     </span>
     <span class='ocr_line' id='line_1_34' title="bbox 112 3680 1225 3770; baseline 0.011 -25"><span class='ocrx_word' id='word_1_260' title='bbox 112 3681 186 3745; x_wconf 89' lang='lat' dir='ltr'>dam</span> <span class='ocrx_word' id='word_1_261' title='bbox 208 3703 319 3766; x_wconf 90' lang='lat' dir='ltr'>parum</span> <span class='ocrx_word' id='word_1_262' title='bbox 341 3680 489 3767; x_wconf 83' lang='lat' dir='ltr'>diligenti</span> <span class='ocrx_word' id='word_1_263' title='bbox 511 3704 528 3745; x_wconf 91' lang='lat' dir='ltr'>e</span> <span class='ocrx_word' id='word_1_264' title='bbox 551 3684 704 3748; x_wconf 87' lang='lat' dir='ltr'>memoria</span> <span class='ocrx_word' id='word_1_265' title='bbox 731 3685 953 3770; x_wconf 89' lang='lat' dir='ltr'>perscriptam.</span> <span class='ocrx_word' id='word_1_266' title='bbox 1002 3687 1087 3753; x_wconf 90' lang='lat' dir='ltr'>Nam</span> <span class='ocrx_word' id='word_1_267' title='bbox 1116 3690 1144 3756; x_wconf 91' lang='lat' dir='ltr'>si</span> <span class='ocrx_word' id='word_1_268' title='bbox 1167 3713 1225 3756; x_wconf 92' lang='lat' dir='ltr'>an·</span> 
     </span>
     <span class='ocr_line' id='line_1_35' title="bbox 112 3780 1225 3883; baseline 0.013 -30"><span class='ocrx_word' id='word_1_269' title='bbox 112 3789 327 3872; x_wconf 83' lang='lat' dir='ltr'>tiquissimam</span> <span class='ocrx_word' id='word_1_270' title='bbox 367 3793 453 3856; x_wconf 85' lang='lat' dir='ltr'>vitae</span> <span class='ocrx_word' id='word_1_271' title='bbox 486 3793 702 3857; x_wconf 87' lang='lat' dir='ltr'>narrationem</span> <span class='ocrx_word' id='word_1_272' title='bbox 734 3794 779 3875; x_wconf 91' lang='lat' dir='ltr'>ei,</span> <span class='ocrx_word' id='word_1_273' title='bbox 812 3817 831 3857; x_wconf 90' lang='lat' dir='ltr'>a</span> <span class='ocrx_word' id='word_1_274' title='bbox 862 3819 926 3880; x_wconf 90' lang='lat' dir='ltr'>quo</span> <span class='ocrx_word' id='word_1_275' title='bbox 952 3780 1149 3883; x_wconf 89' lang='lat' dir='ltr'>conscripta</span> <span class='ocrx_word' id='word_1_276' title='bbox 1170 3811 1225 3866; x_wconf 87' lang='lat' dir='ltr'>est</span> 
     </span>
     <span class='ocr_line' id='line_1_36' title="bbox 112 3899 1222 3993; baseline 0.012 -30"><span class='ocrx_word' id='word_1_277' title='bbox 112 3899 192 3964; x_wconf 87' lang='lat' dir='ltr'>haec</span> <span class='ocrx_word' id='word_1_278' title='bbox 224 3903 306 3982; x_wconf 86' lang='lat' dir='ltr'>vita,</span> <span class='ocrx_word' id='word_1_279' title='bbox 341 3903 503 3989; x_wconf 81' lang='lat' dir='ltr'>cognitam</span> <span class='ocrx_word' id='word_1_280' title='bbox 537 3901 681 3984; x_wconf 86' lang='lat' dir='ltr'>quidem,</span> <span class='ocrx_word' id='word_1_281' title='bbox 714 3902 772 3968; x_wconf 91' lang='lat' dir='ltr'>sed</span> <span class='ocrx_word' id='word_1_282' title='bbox 806 3906 958 3970; x_wconf 90' lang='lat' dir='ltr'>scribenti</span> <span class='ocrx_word' id='word_1_283' title='bbox 991 3929 1056 3971; x_wconf 91' lang='lat' dir='ltr'>non</span> <span class='ocrx_word' id='word_1_284' title='bbox 1087 3921 1222 3993; x_wconf 89' lang='lat' dir='ltr'>praesto</span> 
     </span>
     <span class='ocr_line' id='line_1_37' title="bbox 113 4008 1222 4100; baseline 0.011 -26"><span class='ocrx_word' id='word_1_285' title='bbox 113 4008 216 4076; x_wconf 79' lang='lat' dir='ltr'>fuisse</span> <span class='ocrx_word' id='word_1_286' title='bbox 232 4013 402 4094; x_wconf 74' lang='lat' dir='ltr'>statueris,</span> <span class='ocrx_word' id='word_1_287' title='bbox 430 4010 505 4075; x_wconf 90' lang='lat' dir='ltr'>talis</span> <span class='ocrx_word' id='word_1_288' title='bbox 532 4009 599 4076; x_wconf 84' lang='lat' dir='ltr'>fere</span> <span class='ocrx_word' id='word_1_289' title='bbox 626 4015 712 4077; x_wconf 88' lang='lat' dir='ltr'>vitae</span> <span class='ocrx_word' id='word_1_290' title='bbox 739 4013 911 4100; x_wconf 84' lang='lat' dir='ltr'>imaginem</span> <span class='ocrx_word' id='word_1_291' title='bbox 938 4017 1044 4080; x_wconf 90' lang='lat' dir='ltr'>animo</span> <span class='ocrx_word' id='word_1_292' title='bbox 1066 4017 1222 4087; x_wconf 88' lang='lat' dir='ltr'>facillime</span> 
     </span>
    </p>
   </div>
   <div class='ocr_carea' id='block_1_6' title="bbox 0 0 1366 4658">
    <p class='ocr_par' dir='ltr' id='par_1_6' title="bbox 0 0 1366 4658">
     <span class='ocr_line' id='line_1_38' title="bbox 0 0 1366 4658; baseline 0 4"><span class='ocrx_word' id='word_1_293' title='bbox 0 0 1366 4658; x_wconf 95' lang='lat' dir='ltr'> </span> 
     </span>
    </p>
   </div>
  </div>
 </body>
</html>
