<?xml version="1.0" encoding="UTF-8"?>
<!DOCTYPE html PUBLIC "-//W3C//DTD XHTML 1.0 Transitional//EN"
    "http://www.w3.org/TR/xhtml1/DTD/xhtml1-transitional.dtd">
<html xmlns="http://www.w3.org/1999/xhtml" xml:lang="en" lang="en">
 <head>
  <title>
</title>
<meta http-equiv="Content-Type" content="text/html;charset=utf-8" />
  <meta name='ocr-system' content='tesseract 3.04.00' />
  <meta name='ocr-capabilities' content='ocr_page ocr_carea ocr_par ocr_line ocrx_word'/>
</head>
<body>
  <div class='ocr_page' id='page_1' title='image "./detemporibusvit00synngoog_0021.png"; bbox 0 0 2722 4658; ppageno 0'>
   <div class='ocr_carea' id='block_1_1' title="bbox 1 106 191 172">
    <p class='ocr_par' dir='ltr' id='par_1_1' title="bbox 1 106 191 172">
     <span class='ocr_line' id='line_1_1' title="bbox 1 106 191 172; baseline -0.026 0"><span class='ocrx_word' id='word_1_1' title='bbox 1 119 2 124; x_wconf 77' lang='grc'>’</span> <span class='ocrx_word' id='word_1_2' title='bbox 111 106 191 172; x_wconf 83' lang='grc'>,14</span> 
     </span>
    </p>
   </div>
   <div class='ocr_carea' id='block_1_2' title="bbox 99 272 1241 1158">
    <p class='ocr_par' dir='ltr' id='par_1_2' title="bbox 184 272 1239 393">
     <span class='ocr_line' id='line_1_2' title="bbox 184 272 1239 393; baseline -0.004 -24"><span class='ocrx_word' id='word_1_3' title='bbox 184 301 290 393; x_wconf 88' lang='lat' dir='ltr'>parta</span> <span class='ocrx_word' id='word_1_4' title='bbox 322 291 518 371; x_wconf 86' lang='lat' dir='ltr'>tendentis.</span> <span class='ocrx_word' id='word_1_5' title='bbox 571 290 615 367; x_wconf 92' lang='lat' dir='ltr'>ld</span> <span class='ocrx_word' id='word_1_6' title='bbox 645 288 819 388; x_wconf 90' lang='lat' dir='ltr'>supplicii</span> <span class='ocrx_word' id='word_1_7' title='bbox 848 313 965 389; x_wconf 85' lang='lat' dir='ltr'>genus</span> <span class='ocrx_word' id='word_1_8' title='bbox 979 272 983 279; x_wconf 57' lang='grc'><strong>’</strong></span> <span class='ocrx_word' id='word_1_9' title='bbox 996 288 1155 388; x_wconf 76' lang='lat' dir='ltr'>placuit,</span> <span class='ocrx_word' id='word_1_10' title='bbox 1193 298 1239 365; x_wconf 87' lang='lat' dir='ltr'>ut</span> 
     </span>
    </p>

    <p class='ocr_par' dir='ltr' id='par_1_3' title="bbox 186 415 1238 518">
     <span class='ocr_line' id='line_1_3' title="bbox 186 415 1238 518; baseline -0.004 -24"><span class='ocrx_word' id='word_1_11' title='bbox 186 420 264 495; x_wconf 90' lang='lat' dir='ltr'>levi</span> <span class='ocrx_word' id='word_1_12' title='bbox 303 430 430 518; x_wconf 87' lang='lat' dir='ltr'>atque</span> <span class='ocrx_word' id='word_1_13' title='bbox 449 417 606 517; x_wconf 87' lang='lat' dir='ltr'>joculari</span> <span class='ocrx_word' id='word_1_14' title='bbox 638 417 776 492; x_wconf 85' lang='lat' dir='ltr'>delicto</span> <span class='ocrx_word' id='word_1_15' title='bbox 814 442 882 517; x_wconf 89' lang='lat' dir='ltr'>par</span> <span class='ocrx_word' id='word_1_16' title='bbox 916 427 1023 493; x_wconf 85' lang='lat' dir='ltr'>esset.</span> <span class='ocrx_word' id='word_1_17' title='bbox 1088 415 1238 492; x_wconf 87' lang='lat' dir='ltr'>Verum</span> 
     </span>
    </p>

    <p class='ocr_par' dir='ltr' id='par_1_4' title="bbox 185 539 1241 644">
     <span class='ocr_line' id='line_1_4' title="bbox 185 539 1241 644; baseline -0.003 -22"><span class='ocrx_word' id='word_1_18' title='bbox 185 548 284 622; x_wconf 85' lang='lat' dir='ltr'>intra</span> <span class='ocrx_word' id='word_1_19' title='bbox 308 547 568 625; x_wconf 81' lang='lat' dir='ltr'>brevissimum</span> <span class='ocrx_word' id='word_1_20' title='bbox 587 555 732 644; x_wconf 86' lang='lat' dir='ltr'>tempus</span> <span class='ocrx_word' id='word_1_21' title='bbox 758 540 845 627; x_wconf 72' lang='grc' dir='ltr'>θεός</span> <span class='ocrx_word' id='word_1_22' title='bbox 871 539 979 630; x_wconf 65' lang='lat' dir='ltr'>adoris</span> <span class='ocrx_word' id='word_1_23' title='bbox 1006 543 1241 619; x_wconf 79' lang='lat' dir='ltr'><strong>adscribitur</strong></span> 
     </span>
    </p>

    <p class='ocr_par' dir='ltr' id='par_1_5' title="bbox 99 672 1239 771">
     <span class='ocr_line' id='line_1_5' title="bbox 99 672 1239 771; baseline -0.006 -18"><span class='ocrx_word' id='word_1_24' title='bbox 99 724 107 732; x_wconf 95' lang='lat'>-</span> <span class='ocrx_word' id='word_1_25' title='bbox 186 674 359 752; x_wconf 84' lang='lat' dir='ltr'>divorum</span> <span class='ocrx_word' id='word_1_26' title='bbox 386 675 512 763; x_wconf 89' lang='lat' dir='ltr'>choro,</span> <span class='ocrx_word' id='word_1_27' title='bbox 539 674 809 771; x_wconf 77' lang='lat' dir='ltr'>revertiturque</span> <span class='ocrx_word' id='word_1_28' title='bbox 835 673 1029 749; x_wconf 73' lang='lat' dir='ltr'>luvenalis</span> <span class='ocrx_word' id='word_1_29' title='bbox 1053 672 1239 760; x_wconf 84' lang='lat' dir='ltr'><strong>Romam,</strong></span> 
     </span>
    </p>

    <p class='ocr_par' dir='ltr' id='par_1_6' title="bbox 188 799 1240 910">
     <span class='ocr_line' id='line_1_6' title="bbox 188 799 1240 910; baseline -0.004 -29"><span class='ocrx_word' id='word_1_30' title='bbox 188 805 252 905; x_wconf 86' lang='lat' dir='ltr'>qui</span> <span class='ocrx_word' id='word_1_31' title='bbox 277 803 426 879; x_wconf 87' lang='lat' dir='ltr'>tandem</span> <span class='ocrx_word' id='word_1_32' title='bbox 446 803 493 875; x_wconf 86' lang='lat' dir='ltr'>ad</span> <span class='ocrx_word' id='word_1_33' title='bbox 511 799 657 878; x_wconf 80' lang='lat' dir='ltr'>Nervae</span> <span class='ocrx_word' id='word_1_34' title='bbox 678 799 877 910; x_wconf 24' lang='lat' dir='ltr'>etflTrajani</span> <span class='ocrx_word' id='word_1_35' title='bbox 895 801 1146 900; x_wconf 78' lang='lat' dir='ltr'>principatum</span> <span class='ocrx_word' id='word_1_36' title='bbox 1174 827 1240 877; x_wconf 89' lang='lat' dir='ltr'>su-</span> 
     </span>
    </p>

    <p class='ocr_par' dir='ltr' id='par_1_7' title="bbox 151 929 1241 1158">
     <span class='ocr_line' id='line_1_7' title="bbox 151 929 1241 1032; baseline 0.003 -30"><span class='ocrx_word' id='word_1_37' title='bbox 151 997 154 1002; x_wconf 83' lang='grc'><strong>.</strong></span> <span class='ocrx_word' id='word_1_38' title='bbox 186 931 388 1032; x_wconf 74' lang='lat' dir='ltr'>pervirens</span> <span class='ocrx_word' id='word_1_39' title='bbox 415 929 517 1006; x_wconf 85' lang='lat' dir='ltr'>senio</span> <span class='ocrx_word' id='word_1_40' title='bbox 544 941 582 1006; x_wconf 91' lang='lat' dir='ltr'>et</span> <span class='ocrx_word' id='word_1_41' title='bbox 607 929 728 1004; x_wconf 85' lang='lat' dir='ltr'>taedio</span> <span class='ocrx_word' id='word_1_42' title='bbox 755 929 855 1004; x_wconf 85' lang='lat' dir='ltr'>vitae</span> <span class='ocrx_word' id='word_1_43' title='bbox 881 929 1071 1004; x_wconf 84' lang='lat' dir='ltr'>confectus</span> <span class='ocrx_word' id='word_1_44' title='bbox 1097 949 1241 1028; x_wconf 88' lang='lat' dir='ltr'>prope·</span> 
     </span>
     <span class='ocr_line' id='line_1_8' title="bbox 188 1036 948 1158; baseline -0.008 -24"><span class='ocrx_word' id='word_1_45' title='bbox 188 1067 333 1134; x_wconf 83' lang='lat' dir='ltr'>rentem</span> <span class='ocrx_word' id='word_1_46' title='bbox 361 1057 531 1158; x_wconf 85' lang='lat' dir='ltr'>spiritum</span> <span class='ocrx_word' id='word_1_47' title='bbox 555 1036 640 1137; x_wconf 82' lang='lat' dir='ltr'>curn</span> <span class='ocrx_word' id='word_1_48' title='bbox 665 1057 760 1132; x_wconf 90' lang='lat' dir='ltr'>tussi</span> <span class='ocrx_word' id='word_1_49' title='bbox 786 1055 948 1156; x_wconf 80' lang='lat' dir='ltr'>exspuit</span> 
     </span>
    </p>
   </div>
   <div class='ocr_carea' id='block_1_3' title="bbox 27 1210 1244 2306">
    <p class='ocr_par' dir='ltr' id='par_1_8' title="bbox 27 1210 1244 2306">
     <span class='ocr_line' id='line_1_9' title="bbox 114 1210 1241 1312; baseline 0 -21"><span class='ocrx_word' id='word_1_50' title='bbox 114 1225 223 1292; x_wconf 85' lang='lat' dir='ltr'>Valde</span> <span class='ocrx_word' id='word_1_51' title='bbox 249 1226 285 1290; x_wconf 89' lang='lat' dir='ltr'>in</span> <span class='ocrx_word' id='word_1_52' title='bbox 315 1210 411 1312; x_wconf 85' lang='lat' dir='ltr'>hujus</span> <span class='ocrx_word' id='word_1_53' title='bbox 444 1226 530 1291; x_wconf 81' lang='lat' dir='ltr'>vitae</span> <span class='ocrx_word' id='word_1_54' title='bbox 563 1222 690 1310; x_wconf 86' lang='lat' dir='ltr'>origine</span> <span class='ocrx_word' id='word_1_55' title='bbox 716 1233 750 1288; x_wconf 88' lang='lat' dir='ltr'>et</span> <span class='ocrx_word' id='word_1_56' title='bbox 781 1224 909 1290; x_wconf 86' lang='lat' dir='ltr'>ratione</span> <span class='ocrx_word' id='word_1_57' title='bbox 941 1222 1137 1293; x_wconf 82' lang='lat' dir='ltr'>declaranda</span> <span class='ocrx_word' id='word_1_58' title='bbox 1170 1226 1241 1291; x_wconf 86' lang='lat' dir='ltr'>viri</span> 
     </span>
     <span class='ocr_line' id='line_1_10' title="bbox 116 1333 1241 1403; baseline 0 -1"><span class='ocrx_word' id='word_1_59' title='bbox 116 1335 206 1402; x_wconf 86' lang='lat' dir='ltr'>docti</span> <span class='ocrx_word' id='word_1_60' title='bbox 227 1335 438 1403; x_wconf 85' lang='lat' dir='ltr'>dissentiunt.</span> <span class='ocrx_word' id='word_1_61' title='bbox 482 1335 574 1401; x_wconf 85' lang='lat' dir='ltr'>Luce</span> <span class='ocrx_word' id='word_1_62' title='bbox 600 1343 707 1401; x_wconf 75' lang='lat' dir='ltr'>umen</span> <span class='ocrx_word' id='word_1_63' title='bbox 740 1333 860 1400; x_wconf 84' lang='lat' dir='ltr'>clarius</span> <span class='ocrx_word' id='word_1_64' title='bbox 892 1333 973 1399; x_wconf 91' lang='lat' dir='ltr'>mihi</span> <span class='ocrx_word' id='word_1_65' title='bbox 1004 1333 1135 1399; x_wconf 87' lang='lat' dir='ltr'>videtur</span> <span class='ocrx_word' id='word_1_66' title='bbox 1162 1358 1241 1402; x_wconf 86' lang='lat' dir='ltr'>eam</span> 
     </span>
     <span class='ocr_line' id='line_1_11' title="bbox 115 1441 1241 1531; baseline 0.003 -21"><span class='ocrx_word' id='word_1_67' title='bbox 115 1445 198 1517; x_wconf 86' lang='lat' dir='ltr'>nihil</span> <span class='ocrx_word' id='word_1_68' title='bbox 219 1445 307 1516; x_wconf 79' lang='lat' dir='ltr'>eliud</span> <span class='ocrx_word' id='word_1_69' title='bbox 328 1469 401 1514; x_wconf 86' lang='lat' dir='ltr'>esse</span> <span class='ocrx_word' id='word_1_70' title='bbox 422 1445 486 1511; x_wconf 86' lang='lat' dir='ltr'>nisi</span> <span class='ocrx_word' id='word_1_71' title='bbox 511 1444 653 1530; x_wconf 85' lang='lat' dir='ltr'>priorem</span> <span class='ocrx_word' id='word_1_72' title='bbox 680 1446 781 1511; x_wconf 86' lang='lat' dir='ltr'>vitam</span> <span class='ocrx_word' id='word_1_73' title='bbox 808 1465 883 1511; x_wconf 91' lang='lat' dir='ltr'>cum</span> <span class='ocrx_word' id='word_1_74' title='bbox 905 1441 1135 1525; x_wconf 69' lang='lat' dir='ltr'>additamentis</span> <span class='ocrx_word' id='word_1_75' title='bbox 1158 1448 1241 1531; x_wconf 90' lang='lat' dir='ltr'>plus</span> 
     </span>
     <span class='ocr_line' id='line_1_12' title="bbox 61 1553 1243 1643; baseline -0.006 -13"><span class='ocrx_word' id='word_1_76' title='bbox 61 1562 62 1566; x_wconf 66' lang='grc'>’</span> <span class='ocrx_word' id='word_1_77' title='bbox 115 1556 408 1643; x_wconf 75' lang='lat' dir='ltr'>miuusvoineptis</span> <span class='ocrx_word' id='word_1_78' title='bbox 429 1555 853 1642; x_wconf 60' lang='lat' dir='ltr'>pecuniamtutamet</span> <span class='ocrx_word' id='word_1_79' title='bbox 873 1563 1047 1623; x_wconf 86' lang='lat' dir='ltr'>senserunt</span> <span class='ocrx_word' id='word_1_80' title='bbox 1061 1553 1243 1628; x_wconf 69' lang='lat' dir='ltr'>etIlranc·</span> 
     </span>
     <span class='ocr_line' id='line_1_13' title="bbox 114 1655 1243 1753; baseline 0.001 -19"><span class='ocrx_word' id='word_1_81' title='bbox 114 1667 189 1741; x_wconf 84' lang='lat' dir='ltr'>kius</span> <span class='ocrx_word' id='word_1_82' title='bbox 211 1669 234 1733; x_wconf 91' lang='lat' dir='ltr'>l.</span> <span class='ocrx_word' id='word_1_83' title='bbox 256 1688 285 1736; x_wconf 88' lang='lat' dir='ltr'>c.</span> <span class='ocrx_word' id='word_1_84' title='bbox 306 1689 340 1752; x_wconf 91' lang='lat' dir='ltr'>p.</span> <span class='ocrx_word' id='word_1_85' title='bbox 363 1668 402 1730; x_wconf 79' lang='lat'>17</span> <span class='ocrx_word' id='word_1_86' title='bbox 425 1675 458 1739; x_wconf 84' lang='lat' dir='ltr'>et</span> <span class='ocrx_word' id='word_1_87' title='bbox 479 1667 519 1731; x_wconf 81' lang='grc'>79</span> <span class='ocrx_word' id='word_1_88' title='bbox 541 1674 575 1731; x_wconf 90' lang='lat' dir='ltr'>et</span> <span class='ocrx_word' id='word_1_89' title='bbox 596 1659 638 1735; x_wconf 83' lang='lat' dir='ltr'>O·</span> <span class='ocrx_word' id='word_1_90' title='bbox 660 1665 698 1736; x_wconf 72' lang='lat' dir='ltr'>F.</span> <span class='ocrx_word' id='word_1_91' title='bbox 720 1655 928 1737; x_wconf 78' lang='lat' dir='ltr'>Hermcunus</span> <span class='ocrx_word' id='word_1_92' title='bbox 944 1665 1007 1732; x_wconf 87' lang='lat' dir='ltr'>l.o.</span> <span class='ocrx_word' id='word_1_93' title='bbox 1024 1665 1056 1753; x_wconf 83' lang='lat' dir='ltr'>p.</span> <span class='ocrx_word' id='word_1_94' title='bbox 1069 1666 1099 1729; x_wconf 88' lang='lat'>8.</span> <span class='ocrx_word' id='word_1_95' title='bbox 1126 1665 1243 1735; x_wconf 73' lang='lat' dir='ltr'>Aliter</span> 
     </span>
     <span class='ocr_line' id='line_1_14' title="bbox 27 1751 1241 1867; baseline 0.001 -25"><span class='ocrx_word' id='word_1_96' title='bbox 27 1798 33 1802; x_wconf 85' lang='lat'>·</span> <span class='ocrx_word' id='word_1_97' title='bbox 114 1777 274 1865; x_wconf 81' lang='lat' dir='ltr'>judicavit</span> <span class='ocrx_word' id='word_1_98' title='bbox 294 1775 359 1842; x_wconf 88' lang='lat' dir='ltr'>Gu.</span> <span class='ocrx_word' id='word_1_99' title='bbox 382 1751 577 1867; x_wconf 77' lang='lat' dir='ltr'>Pidtzgerus</span> <span class='ocrx_word' id='word_1_100' title='bbox 598 1776 634 1843; x_wconf 91' lang='lat' dir='ltr'>in</span> <span class='ocrx_word' id='word_1_101' title='bbox 655 1773 749 1847; x_wconf 88' lang='lat' dir='ltr'>Neue</span> <span class='ocrx_word' id='word_1_102' title='bbox 772 1777 889 1846; x_wconf 82' lang='lat' dir='ltr'>Jahrb.</span> <span class='ocrx_word' id='word_1_103' title='bbox 906 1777 929 1841; x_wconf 84' lang='lat' dir='ltr'>f.</span> <span class='ocrx_word' id='word_1_104' title='bbox 947 1776 1034 1843; x_wconf 89' lang='lat' dir='ltr'>Phil.</span> <span class='ocrx_word' id='word_1_105' title='bbox 1050 1775 1118 1847; x_wconf 86' lang='lat' dir='ltr'>und</span> <span class='ocrx_word' id='word_1_106' title='bbox 1134 1775 1241 1845; x_wconf 87' lang='lat' dir='ltr'>Paed.</span> 
     </span>
     <span class='ocr_line' id='line_1_15' title="bbox 109 1876 1242 1973; baseline 0.004 -23"><span class='ocrx_word' id='word_1_107' title='bbox 109 1885 201 1973; x_wconf 64' lang='grc' dir='ltr'>Ὶ1835</span> <span class='ocrx_word' id='word_1_108' title='bbox 222 1907 255 1971; x_wconf 89' lang='lat' dir='ltr'>p.</span> <span class='ocrx_word' id='word_1_109' title='bbox 279 1885 351 1966; x_wconf 80' lang='lat'><strong>263,</strong></span> <span class='ocrx_word' id='word_1_110' title='bbox 375 1887 431 1969; x_wconf 95' lang='lat' dir='ltr'>qui</span> <span class='ocrx_word' id='word_1_111' title='bbox 452 1876 614 1956; x_wconf 79' lang='lat' dir='ltr'>affiimare</span> <span class='ocrx_word' id='word_1_112' title='bbox 635 1909 702 1952; x_wconf 90' lang='lat' dir='ltr'>non</span> <span class='ocrx_word' id='word_1_113' title='bbox 724 1884 885 1952; x_wconf 86' lang='lat' dir='ltr'>dubitavit</span> <span class='ocrx_word' id='word_1_114' title='bbox 905 1883 989 1957; x_wconf 86' lang='lat' dir='ltr'>hauc</span> <span class='ocrx_word' id='word_1_115' title='bbox 1009 1887 1126 1968; x_wconf 67' lang='lat' dir='ltr'>vitam3</span> <span class='ocrx_word' id='word_1_116' title='bbox 1148 1889 1242 1955; x_wconf 89' lang='lat' dir='ltr'>unde</span> 
     </span>
     <span class='ocr_line' id='line_1_16' title="bbox 118 1994 1242 2084; baseline -0.001 -21"><span class='ocrx_word' id='word_1_117' title='bbox 118 2003 272 2081; x_wconf 80' lang='lat' dir='ltr'>excerpta</span> <span class='ocrx_word' id='word_1_118' title='bbox 304 1997 349 2062; x_wconf 85' lang='lat' dir='ltr'>sit</span> <span class='ocrx_word' id='word_1_119' title='bbox 379 1996 447 2060; x_wconf 82' lang='lat' dir='ltr'>vita</span> <span class='ocrx_word' id='word_1_120' title='bbox 474 1994 509 2080; x_wconf 84' lang='grc' dir='ltr'>Ι,</span> <span class='ocrx_word' id='word_1_121' title='bbox 540 1994 721 2083; x_wconf 90' lang='lat' dir='ltr'>prinoipem</span> <span class='ocrx_word' id='word_1_122' title='bbox 753 1998 839 2063; x_wconf 83' lang='lat' dir='ltr'>inter</span> <span class='ocrx_word' id='word_1_123' title='bbox 871 2013 983 2063; x_wconf 91' lang='lat' dir='ltr'>omnes</span> <span class='ocrx_word' id='word_1_124' title='bbox 1016 1996 1174 2063; x_wconf 86' lang='lat' dir='ltr'>exsistere</span> <span class='ocrx_word' id='word_1_125' title='bbox 1199 1999 1242 2084; x_wconf 87' lang='lat'>¹).</span> 
     </span>
     <span class='ocr_line' id='line_1_17' title="bbox 119 2105 1243 2206; baseline 0.003 -35"><span class='ocrx_word' id='word_1_126' title='bbox 119 2106 218 2206; x_wconf 68' lang='lat' dir='ltr'>Quod</span> <span class='ocrx_word' id='word_1_127' title='bbox 239 2127 336 2190; x_wconf 89' lang='lat' dir='ltr'>quam</span> <span class='ocrx_word' id='word_1_128' title='bbox 358 2107 402 2172; x_wconf 90' lang='lat' dir='ltr'>sit</span> <span class='ocrx_word' id='word_1_129' title='bbox 423 2105 542 2173; x_wconf 79' lang='lat' dir='ltr'>falsum</span> <span class='ocrx_word' id='word_1_130' title='bbox 563 2128 630 2173; x_wconf 90' lang='lat' dir='ltr'>non</span> <span class='ocrx_word' id='word_1_131' title='bbox 652 2106 786 2174; x_wconf 86' lang='lat' dir='ltr'>difficile</span> <span class='ocrx_word' id='word_1_132' title='bbox 808 2115 860 2174; x_wconf 85' lang='lat' dir='ltr'>est</span> <span class='ocrx_word' id='word_1_133' title='bbox 881 2106 1062 2174; x_wconf 77' lang='lat' dir='ltr'>ostendere.</span> <span class='ocrx_word' id='word_1_134' title='bbox 1105 2105 1173 2176; x_wconf 86' lang='lat' dir='ltr'>Sed</span> <span class='ocrx_word' id='word_1_135' title='bbox 1196 2108 1243 2174; x_wconf 85' lang='lat' dir='ltr'>ad</span> 
     </span>
     <span class='ocr_line' id='line_1_18' title="bbox 119 2216 1244 2306; baseline -0.003 -19"><span class='ocrx_word' id='word_1_136' title='bbox 119 2216 204 2287; x_wconf 79' lang='lat' dir='ltr'>hano</span> <span class='ocrx_word' id='word_1_137' title='bbox 224 2221 294 2284; x_wconf 77' lang='lat' dir='ltr'>aem</span> <span class='ocrx_word' id='word_1_138' title='bbox 315 2217 550 2302; x_wconf 85' lang='lat' dir='ltr'>assequendam</span> <span class='ocrx_word' id='word_1_139' title='bbox 572 2219 683 2285; x_wconf 83' lang='lat' dir='ltr'>statim</span> <span class='ocrx_word' id='word_1_140' title='bbox 704 2218 906 2306; x_wconf 81' lang='lat' dir='ltr'>proferemus</span> <span class='ocrx_word' id='word_1_141' title='bbox 933 2237 1067 2284; x_wconf 86' lang='lat' dir='ltr'>necesse</span> <span class='ocrx_word' id='word_1_142' title='bbox 1089 2217 1152 2283; x_wconf 84' lang='lat' dir='ltr'>erit</span> <span class='ocrx_word' id='word_1_143' title='bbox 1173 2225 1244 2284; x_wconf 83' lang='lat' dir='ltr'>tar-</span> 
     </span>
    </p>
   </div>
   <div class='ocr_carea' id='block_1_4' title="bbox 15 2326 1246 2421">
    <p class='ocr_par' dir='ltr' id='par_1_9' title="bbox 15 2326 1246 2421">
     <span class='ocr_line' id='line_1_19' title="bbox 15 2326 1246 2421; baseline -0.005 -18"><span class='ocrx_word' id='word_1_144' title='bbox 15 2347 21 2357; x_wconf 83' lang='lat'><strong><em>‘</em></strong></span> <span class='ocrx_word' id='word_1_145' title='bbox 121 2327 202 2402; x_wconf 68' lang='lat' dir='ltr'>tam</span> <span class='ocrx_word' id='word_1_146' title='bbox 229 2327 345 2421; x_wconf 76' lang='lat' dir='ltr'>ritum,</span> <span class='ocrx_word' id='word_1_147' title='bbox 366 2350 460 2412; x_wconf 70' lang='lat' dir='ltr'>‘quae</span> <span class='ocrx_word' id='word_1_148' title='bbox 487 2329 585 2401; x_wconf 78' lang='lat' dir='ltr'>etiam</span> <span class='ocrx_word' id='word_1_149' title='bbox 613 2330 654 2396; x_wconf 85' lang='lat' dir='ltr'>ab</span> <span class='ocrx_word' id='word_1_150' title='bbox 675 2328 844 2397; x_wconf 90' lang='lat' dir='ltr'>Henninio</span> <span class='ocrx_word' id='word_1_151' title='bbox 865 2351 883 2395; x_wconf 81' lang='lat' dir='ltr'>e</span> <span class='ocrx_word' id='word_1_152' title='bbox 905 2328 978 2395; x_wconf 92' lang='lat' dir='ltr'>cod.</span> <span class='ocrx_word' id='word_1_153' title='bbox 1000 2351 1060 2394; x_wconf 93' lang='lat' dir='ltr'>ms.</span> <span class='ocrx_word' id='word_1_154' title='bbox 1082 2326 1128 2392; x_wconf 86' lang='lat' dir='ltr'>Is.</span> <span class='ocrx_word' id='word_1_155' title='bbox 1150 2327 1246 2398; x_wconf 88' lang='lat' dir='ltr'>Vos-</span> 
     </span>
    </p>
   </div>
   <div class='ocr_carea' id='block_1_5' title="bbox 121 2437 1243 2636">
    <p class='ocr_par' dir='ltr' id='par_1_10' title="bbox 121 2437 1243 2636">
     <span class='ocr_line' id='line_1_20' title="bbox 121 2437 1243 2527; baseline 0.003 -24"><span class='ocrx_word' id='word_1_156' title='bbox 121 2438 177 2522; x_wconf 82' lang='lat' dir='ltr'>sii,</span> <span class='ocrx_word' id='word_1_157' title='bbox 198 2437 255 2511; x_wconf 82' lang='lat' dir='ltr'>ubi</span> <span class='ocrx_word' id='word_1_158' title='bbox 277 2441 459 2514; x_wconf 86' lang='lat' dir='ltr'>’&#39;auctorem</span> <span class='ocrx_word' id='word_1_159' title='bbox 480 2441 624 2527; x_wconf 84' lang='lat' dir='ltr'>praefert</span> <span class='ocrx_word' id='word_1_160' title='bbox 638 2441 713 2513; x_wconf 83' lang='lat' dir='ltr'>Ael.</span> <span class='ocrx_word' id='word_1_161' title='bbox 729 2441 924 2523; x_wconf 67' lang='lat' dir='ltr'>Donatum,</span> <span class='ocrx_word' id='word_1_162' title='bbox 945 2439 1034 2506; x_wconf 84' lang='lat' dir='ltr'>edita</span> <span class='ocrx_word' id='word_1_163' title='bbox 1054 2447 1106 2506; x_wconf 90' lang='lat' dir='ltr'>est</span> <span class='ocrx_word' id='word_1_164' title='bbox 1121 2437 1243 2525; x_wconf 85' lang='lat' dir='ltr'>(Jahn.</span> 
     </span>
     <span class='ocr_line' id='line_1_21' title="bbox 122 2547 447 2636; baseline -0.003 -23"><span class='ocrx_word' id='word_1_165' title='bbox 122 2547 175 2614; x_wconf 91' lang='lat' dir='ltr'>ed.</span> <span class='ocrx_word' id='word_1_166' title='bbox 197 2548 274 2615; x_wconf 85' lang='lat' dir='ltr'>Juv.</span> <span class='ocrx_word' id='word_1_167' title='bbox 297 2572 330 2635; x_wconf 93' lang='lat' dir='ltr'>p.</span> <span class='ocrx_word' id='word_1_168' title='bbox 353 2548 447 2636; x_wconf 81' lang='lat'>388):</span> 
     </span>
    </p>
   </div>
   <div class='ocr_carea' id='block_1_6' title="bbox 121 2680 1243 3170">
    <p class='ocr_par' dir='ltr' id='par_1_11' title="bbox 121 2680 1243 3170">
     <span class='ocr_line' id='line_1_22' title="bbox 121 2680 1243 2789; baseline 0.008 -31"><span class='ocrx_word' id='word_1_169' title='bbox 121 2680 189 2760; x_wconf 91' lang='lat' dir='ltr'>III.</span> <span class='ocrx_word' id='word_1_170' title='bbox 228 2684 421 2762; x_wconf 72' lang='lat' dir='ltr'>luvenalis</span> <span class='ocrx_word' id='word_1_171' title='bbox 446 2683 517 2760; x_wconf 88' lang='lat' dir='ltr'>iste</span> <span class='ocrx_word' id='word_1_172' title='bbox 542 2685 735 2785; x_wconf 85' lang='lat' dir='ltr'>Aquinatis</span> <span class='ocrx_word' id='word_1_173' title='bbox 767 2687 855 2775; x_wconf 85' lang='lat' dir='ltr'>fnit,</span> <span class='ocrx_word' id='word_1_174' title='bbox 887 2687 927 2762; x_wconf 90' lang='lat' dir='ltr'>id</span> <span class='ocrx_word' id='word_1_175' title='bbox 960 2688 1018 2763; x_wconf 82' lang='lat' dir='ltr'>est</span> <span class='ocrx_word' id='word_1_176' title='bbox 1050 2714 1100 2767; x_wconf 87' lang='lat' dir='ltr'>ex</span> <span class='ocrx_word' id='word_1_177' title='bbox 1124 2690 1243 2789; x_wconf 88' lang='lat' dir='ltr'>Aqui·</span> 
     </span>
     <span class='ocr_line' id='line_1_23' title="bbox 199 2811 1242 2917; baseline 0.008 -31"><span class='ocrx_word' id='word_1_178' title='bbox 199 2811 261 2887; x_wconf 92' lang='lat' dir='ltr'>nio</span> <span class='ocrx_word' id='word_1_179' title='bbox 276 2813 307 2912; x_wconf 75' lang='grc'>2)</span> <span class='ocrx_word' id='word_1_180' title='bbox 341 2811 480 2911; x_wconf 92' lang='lat' dir='ltr'>oppido</span> <span class='ocrx_word' id='word_1_181' title='bbox 513 2814 742 2913; x_wconf 87' lang='lat' dir='ltr'>temporibus</span> <span class='ocrx_word' id='word_1_182' title='bbox 768 2812 927 2893; x_wconf 90' lang='lat' dir='ltr'>Neronis</span> <span class='ocrx_word' id='word_1_183' title='bbox 954 2815 1098 2892; x_wconf 81' lang='lat' dir='ltr'>Claudii</span> <span class='ocrx_word' id='word_1_184' title='bbox 1122 2817 1242 2917; x_wconf 90' lang='lat' dir='ltr'>impe-</span> 
     </span>
     <span class='ocr_line' id='line_1_24' title="bbox 199 2938 1239 3046; baseline 0.003 -27"><span class='ocrx_word' id='word_1_185' title='bbox 199 2938 342 3019; x_wconf 85' lang='lat' dir='ltr'>ratoris.</span> <span class='ocrx_word' id='word_1_186' title='bbox 400 2938 523 3018; x_wconf 88' lang='lat' dir='ltr'>Prima</span> <span class='ocrx_word' id='word_1_187' title='bbox 561 2951 679 3046; x_wconf 83' lang='lat' dir='ltr'>aetate</span> <span class='ocrx_word' id='word_1_188' title='bbox 718 2942 839 3034; x_wconf 87' lang='lat' dir='ltr'>siluit,</span> <span class='ocrx_word' id='word_1_189' title='bbox 879 2943 926 3018; x_wconf 90' lang='lat' dir='ltr'>ad</span> <span class='ocrx_word' id='word_1_190' title='bbox 963 2945 1121 3021; x_wconf 90' lang='lat' dir='ltr'>mediam</span> <span class='ocrx_word' id='word_1_191' title='bbox 1158 2944 1239 3022; x_wconf 80' lang='lat' dir='ltr'>fere</span> 
     </span>
     <span class='ocr_line' id='line_1_25' title="bbox 201 3068 1238 3170; baseline 0.003 -28"><span class='ocrx_word' id='word_1_192' title='bbox 201 3077 357 3143; x_wconf 88' lang='lat' dir='ltr'>aetatem</span> <span class='ocrx_word' id='word_1_193' title='bbox 397 3068 636 3156; x_wconf 84' lang='lat' dir='ltr'>declamavit,</span> <span class='ocrx_word' id='word_1_194' title='bbox 676 3071 774 3145; x_wconf 90' lang='lat' dir='ltr'>unde</span> <span class='ocrx_word' id='word_1_195' title='bbox 807 3080 846 3146; x_wconf 90' lang='lat' dir='ltr'>et</span> <span class='ocrx_word' id='word_1_196' title='bbox 876 3070 979 3170; x_wconf 90' lang='lat' dir='ltr'>quasi</span> <span class='ocrx_word' id='word_1_197' title='bbox 1017 3072 1080 3148; x_wconf 93' lang='lat' dir='ltr'>diu</span> <span class='ocrx_word' id='word_1_198' title='bbox 1112 3073 1238 3148; x_wconf 90' lang='lat' dir='ltr'>tacuit.</span> 
     </span>
    </p>
   </div>
   <div class='ocr_carea' id='block_1_7' title="bbox 126 3299 1252 3848">
    <p class='ocr_par' dir='ltr' id='par_1_12' title="bbox 126 3299 1252 3848">
     <span class='ocr_line' id='line_1_26' title="bbox 227 3299 1242 3389; baseline 0.009 -26"><span class='ocrx_word' id='word_1_199' title='bbox 227 3317 250 3386; x_wconf 84' lang='lat'>²)</span> <span class='ocrx_word' id='word_1_200' title='bbox 268 3313 359 3376; x_wconf 70' lang='lat' dir='ltr'>Verba</span> <span class='ocrx_word' id='word_1_201' title='bbox 375 3315 432 3381; x_wconf 76' lang='lat' dir='ltr'>ejus</span> <span class='ocrx_word' id='word_1_202' title='bbox 448 3316 515 3369; x_wconf 76' lang='lat' dir='ltr'>hacc</span> <span class='ocrx_word' id='word_1_203' title='bbox 532 3322 603 3373; x_wconf 69' lang='lat' dir='ltr'>sunt:</span> <span class='ocrx_word' id='word_1_204' title='bbox 621 3312 698 3367; x_wconf 84' lang='lat' dir='ltr'>&#39;&#39;Voa</span> <span class='ocrx_word' id='word_1_205' title='bbox 714 3315 810 3370; x_wconf 82' lang='lat' dir='ltr'>Vielcu</span> <span class='ocrx_word' id='word_1_206' title='bbox 826 3317 894 3380; x_wconf 78' lang='lat' dir='ltr'>wird</span> <span class='ocrx_word' id='word_1_207' title='bbox 911 3317 982 3368; x_wconf 80' lang='lat' dir='ltr'>diere</span> <span class='ocrx_word' id='word_1_208' title='bbox 999 3299 1063 3370; x_wconf 74' lang='lat' dir='ltr'>vita</span> <span class='ocrx_word' id='word_1_209' title='bbox 1081 3320 1119 3389; x_wconf 71' lang='lat' dir='ltr'>tls</span> <span class='ocrx_word' id='word_1_210' title='bbox 1136 3320 1242 3385; x_wconf 81' lang='lat' dir='ltr'>Haupt-</span> 
     </span>
     <span class='ocr_line' id='line_1_27' title="bbox 128 3409 1243 3488; baseline 0.005 -28"><span class='ocrx_word' id='word_1_211' title='bbox 128 3411 213 3476; x_wconf 88' lang='lat' dir='ltr'>quelle</span> <span class='ocrx_word' id='word_1_212' title='bbox 231 3409 394 3475; x_wconf 70' lang='lat' dir='ltr'>angesehem·</span> <span class='ocrx_word' id='word_1_213' title='bbox 409 3424 503 3460; x_wconf 89' lang='lat' dir='ltr'>wovon</span> <span class='ocrx_word' id='word_1_214' title='bbox 526 3410 609 3463; x_wconf 87' lang='lat' dir='ltr'>selbst</span> <span class='ocrx_word' id='word_1_215' title='bbox 626 3411 668 3460; x_wconf 90' lang='lat' dir='ltr'>dic</span> <span class='ocrx_word' id='word_1_216' title='bbox 686 3417 754 3468; x_wconf 83' lang='lat' dir='ltr'>erate</span> <span class='ocrx_word' id='word_1_217' title='bbox 772 3424 822 3467; x_wconf 83' lang='lat' dir='ltr'>nur</span> <span class='ocrx_word' id='word_1_218' title='bbox 842 3413 885 3463; x_wconf 89' lang='lat' dir='ltr'>ein</span> <span class='ocrx_word' id='word_1_219' title='bbox 901 3411 1009 3488; x_wconf 70' lang='lat' dir='ltr'>Auszug</span> <span class='ocrx_word' id='word_1_220' title='bbox 1028 3415 1093 3471; x_wconf 81' lang='lat' dir='ltr'>oder</span> <span class='ocrx_word' id='word_1_221' title='bbox 1114 3414 1243 3466; x_wconf 86' lang='lat' dir='ltr'>vielmehr</span> 
     </span>
     <span class='ocr_line' id='line_1_28' title="bbox 126 3501 1252 3570; baseline 0.005 -17"><span class='ocrx_word' id='word_1_222' title='bbox 126 3503 266 3570; x_wconf 83' lang='lat' dir='ltr'>Fragment</span> <span class='ocrx_word' id='word_1_223' title='bbox 284 3503 333 3564; x_wconf 79' lang='lat' dir='ltr'>sei3</span> <span class='ocrx_word' id='word_1_224' title='bbox 352 3517 404 3554; x_wconf 87' lang='lat' dir='ltr'>von</span> <span class='ocrx_word' id='word_1_225' title='bbox 420 3501 533 3568; x_wconf 78' lang='lat' dir='ltr'>llinigen</span> <span class='ocrx_word' id='word_1_226' title='bbox 554 3503 617 3554; x_wconf 85' lang='lat' dir='ltr'>aber</span> <span class='ocrx_word' id='word_1_227' title='bbox 637 3504 704 3555; x_wconf 87' lang='lat' dir='ltr'>wird</span> <span class='ocrx_word' id='word_1_228' title='bbox 726 3506 764 3554; x_wconf 91' lang='lat' dir='ltr'>sie</span> <span class='ocrx_word' id='word_1_229' title='bbox 784 3503 828 3554; x_wconf 76' lang='lat' dir='ltr'>fsn</span> <span class='ocrx_word' id='word_1_230' title='bbox 849 3505 906 3555; x_wconf 87' lang='lat' dir='ltr'>eine</span> <span class='ocrx_word' id='word_1_231' title='bbox 922 3505 1115 3570; x_wconf 82' lang='lat' dir='ltr'>Interpolation</span> <span class='ocrx_word' id='word_1_232' title='bbox 1136 3508 1184 3557; x_wconf 90' lang='lat' dir='ltr'>der</span> <span class='ocrx_word' id='word_1_233' title='bbox 1200 3523 1252 3559; x_wconf 82' lang='lat' dir='ltr'>er·-</span> 
     </span>
     <span class='ocr_line' id='line_1_29' title="bbox 128 3594 1241 3665; baseline 0.005 -19"><span class='ocrx_word' id='word_1_234' title='bbox 128 3603 186 3652; x_wconf 79' lang='lat' dir='ltr'>atau</span> <span class='ocrx_word' id='word_1_235' title='bbox 199 3597 332 3662; x_wconf 77' lang='lat' dir='ltr'>gehalten.</span> <span class='ocrx_word' id='word_1_236' title='bbox 352 3594 404 3646; x_wconf 82' lang='lat' dir='ltr'>Die</span> <span class='ocrx_word' id='word_1_237' title='bbox 417 3601 515 3646; x_wconf 84' lang='lat' dir='ltr'>crstere</span> <span class='ocrx_word' id='word_1_238' title='bbox 523 3596 650 3665; x_wconf 80' lang='lat' dir='ltr'>Meinung</span> <span class='ocrx_word' id='word_1_239' title='bbox 663 3599 699 3648; x_wconf 85' lang='lat' dir='ltr'>ist</span> <span class='ocrx_word' id='word_1_240' title='bbox 710 3599 849 3665; x_wconf 81' lang='lat' dir='ltr'>unstrcitig</span> <span class='ocrx_word' id='word_1_241' title='bbox 861 3600 904 3649; x_wconf 87' lang='lat' dir='ltr'>die</span> <span class='ocrx_word' id='word_1_242' title='bbox 918 3599 1037 3665; x_wconf 75' lang='lat' dir='ltr'>richtige,</span> <span class='ocrx_word' id='word_1_243' title='bbox 1051 3599 1120 3649; x_wconf 87' lang='lat' dir='ltr'>denn</span> <span class='ocrx_word' id='word_1_244' title='bbox 1133 3601 1176 3650; x_wconf 88' lang='lat' dir='ltr'>dle</span> <span class='ocrx_word' id='word_1_245' title='bbox 1190 3601 1241 3652; x_wconf 86' lang='lat' dir='ltr'>Zu-</span> 
     </span>
     <span class='ocr_line' id='line_1_30' title="bbox 127 3687 1244 3756; baseline 0.005 -16"><span class='ocrx_word' id='word_1_246' title='bbox 127 3687 198 3740; x_wconf 76' lang='lat' dir='ltr'>sitae</span> <span class='ocrx_word' id='word_1_247' title='bbox 216 3691 302 3740; x_wconf 86' lang='lat' dir='ltr'>haben</span> <span class='ocrx_word' id='word_1_248' title='bbox 319 3691 396 3740; x_wconf 89' lang='lat' dir='ltr'>einen</span> <span class='ocrx_word' id='word_1_249' title='bbox 412 3692 475 3741; x_wconf 89' lang='lat' dir='ltr'>weit</span> <span class='ocrx_word' id='word_1_250' title='bbox 491 3689 597 3741; x_wconf 88' lang='lat' dir='ltr'>bessem</span> <span class='ocrx_word' id='word_1_251' title='bbox 613 3690 714 3756; x_wconf 85' lang='lat' dir='ltr'>Klang,</span> <span class='ocrx_word' id='word_1_252' title='bbox 732 3693 771 3742; x_wconf 88' lang='lat' dir='ltr'>als</span> <span class='ocrx_word' id='word_1_253' title='bbox 788 3692 849 3742; x_wconf 87' lang='lat' dir='ltr'>dass</span> <span class='ocrx_word' id='word_1_254' title='bbox 865 3707 927 3743; x_wconf 88' lang='lat' dir='ltr'>man</span> <span class='ocrx_word' id='word_1_255' title='bbox 944 3694 981 3742; x_wconf 87' lang='lat' dir='ltr'>sie</span> <span class='ocrx_word' id='word_1_256' title='bbox 1001 3691 1045 3744; x_wconf 73' lang='lat' dir='ltr'>fur</span> <span class='ocrx_word' id='word_1_257' title='bbox 1062 3692 1106 3742; x_wconf 83' lang='lat' dir='ltr'>ein</span> <span class='ocrx_word' id='word_1_258' title='bbox 1123 3691 1244 3747; x_wconf 86' lang='lat' dir='ltr'>Product</span> 
     </span>
     <span class='ocr_line' id='line_1_31' title="bbox 128 3782 1242 3848; baseline 0.005 -15"><span class='ocrx_word' id='word_1_259' title='bbox 128 3785 200 3833; x_wconf 86' lang='lat' dir='ltr'>eines</span> <span class='ocrx_word' id='word_1_260' title='bbox 217 3782 323 3848; x_wconf 74' lang='lat' dir='ltr'>speltam</span> <span class='ocrx_word' id='word_1_261' title='bbox 339 3784 528 3848; x_wconf 82' lang='lat' dir='ltr'>Interpolators</span> <span class='ocrx_word' id='word_1_262' title='bbox 549 3784 640 3836; x_wconf 81' lang='lat' dir='ltr'>hulten</span> <span class='ocrx_word' id='word_1_263' title='bbox 660 3785 759 3843; x_wconf 75' lang='lat' dir='ltr'>kduute</span> <span class='ocrx_word' id='word_1_264' title='bbox 775 3811 809 3824; x_wconf 94' lang='lat'>-</span> <span class='ocrx_word' id='word_1_265' title='bbox 825 3813 860 3824; x_wconf 90' lang='lat'>—</span> <span class='ocrx_word' id='word_1_266' title='bbox 876 3785 935 3836; x_wconf 77' lang='lat' dir='ltr'>Aul</span> <span class='ocrx_word' id='word_1_267' title='bbox 949 3784 991 3835; x_wconf 88' lang='lat' dir='ltr'>ihr</span> <span class='ocrx_word' id='word_1_268' title='bbox 1006 3799 1077 3834; x_wconf 84' lang='lat' dir='ltr'>muso</span> <span class='ocrx_word' id='word_1_269' title='bbox 1095 3788 1142 3837; x_wconf 88' lang='lat' dir='ltr'>der</span> <span class='ocrx_word' id='word_1_270' title='bbox 1158 3788 1242 3839; x_wconf 90' lang='lat' dir='ltr'>Kriti·</span> 
     </span>
    </p>
   </div>
   <div class='ocr_carea' id='block_1_8' title="bbox 128 3861 1283 4022">
    <p class='ocr_par' dir='ltr' id='par_1_13' title="bbox 128 3861 1283 4022">
     <span class='ocr_line' id='line_1_32' title="bbox 128 3861 1283 3949; baseline 0.006 -25"><span class='ocrx_word' id='word_1_271' title='bbox 128 3876 177 3929; x_wconf 82' lang='lat' dir='ltr'>ker</span> <span class='ocrx_word' id='word_1_272' title='bbox 192 3876 290 3940; x_wconf 76' lang='lat' dir='ltr'>sussen,</span> <span class='ocrx_word' id='word_1_273' title='bbox 306 3893 350 3930; x_wconf 90' lang='lat' dir='ltr'>um</span> <span class='ocrx_word' id='word_1_274' title='bbox 367 3877 431 3936; x_wconf 75' lang='lat' dir='ltr'>iiber</span> <span class='ocrx_word' id='word_1_275' title='bbox 448 3879 575 3937; x_wconf 77' lang='lat' dir='ltr'>Juvenala</span> <span class='ocrx_word' id='word_1_276' title='bbox 597 3878 686 3931; x_wconf 86' lang='lat' dir='ltr'>Lebcn</span> <span class='ocrx_word' id='word_1_277' title='bbox 705 3895 738 3933; x_wconf 86' lang='lat' dir='ltr'>au</span> <span class='ocrx_word' id='word_1_278' title='bbox 758 3880 901 3942; x_wconf 74' lang='lat' dir='ltr'>emittam,</span> <span class='ocrx_word' id='word_1_279' title='bbox 923 3892 978 3930; x_wconf 79' lang='lat' dir='ltr'>wat</span> <span class='ocrx_word' id='word_1_280' title='bbox 992 3879 1059 3943; x_wconf 82' lang='lat' dir='ltr'>jetzt</span> <span class='ocrx_word' id='word_1_281' title='bbox 1078 3882 1148 3933; x_wconf 86' lang='lat' dir='ltr'>noch</span> <span class='ocrx_word' id='word_1_282' title='bbox 1167 3881 1242 3949; x_wconf 74' lang='lat' dir='ltr'>mog·</span> <span class='ocrx_word' id='word_1_283' title='bbox 1278 3861 1283 3880; x_wconf 68' lang='lat'><strong>¹</strong></span> 
     </span>
     <span class='ocr_line' id='line_1_33' title="bbox 129 3968 259 4022; baseline -0.023 0"><span class='ocrx_word' id='word_1_284' title='bbox 129 3969 183 4022; x_wconf 92' lang='lat' dir='ltr'>lich</span> <span class='ocrx_word' id='word_1_285' title='bbox 199 3968 259 4020; x_wconf 90' lang='lat' dir='ltr'>ist.”</span> 
     </span>
    </p>
   </div>
   <div class='ocr_carea' id='block_1_9' title="bbox 131 4080 1241 4244">
    <p class='ocr_par' dir='ltr' id='par_1_14' title="bbox 131 4080 1241 4244">
     <span class='ocr_line' id='line_1_34' title="bbox 232 4080 1241 4166; baseline 0.003 -31"><span class='ocrx_word' id='word_1_286' title='bbox 232 4083 256 4145; x_wconf 82' lang='lat'>²)</span> <span class='ocrx_word' id='word_1_287' title='bbox 281 4083 402 4149; x_wconf 76' lang='lat' dir='ltr'>1m1rerite</span> <span class='ocrx_word' id='word_1_288' title='bbox 428 4085 527 4149; x_wconf 81' lang='lat' dir='ltr'>scripta</span> <span class='ocrx_word' id='word_1_289' title='bbox 552 4091 613 4136; x_wconf 85' lang='lat' dir='ltr'>sunt</span> <span class='ocrx_word' id='word_1_290' title='bbox 638 4082 770 4152; x_wconf 66' lang='lat' dir='ltr'>Aptucca</span> <span class='ocrx_word' id='word_1_291' title='bbox 795 4100 843 4166; x_wconf 87' lang='lat' dir='ltr'>pro</span> <span class='ocrx_word' id='word_1_292' title='bbox 869 4081 983 4151; x_wconf 64' lang='lat' dir='ltr'>Aquas</span> <span class='ocrx_word' id='word_1_293' title='bbox 1007 4080 1041 4136; x_wconf 68' lang='lat' dir='ltr'>etv</span> <span class='ocrx_word' id='word_1_294' title='bbox 1060 4083 1168 4152; x_wconf 76' lang='lat' dir='ltr'>Aquinio</span> <span class='ocrx_word' id='word_1_295' title='bbox 1193 4100 1241 4150; x_wconf 90' lang='lat' dir='ltr'>pro</span> 
     </span>
     <span class='ocr_line' id='line_1_35' title="bbox 131 4175 236 4244; baseline -0.01 -17"><span class='ocrx_word' id='word_1_296' title='bbox 131 4175 236 4244; x_wconf 79' lang='lat' dir='ltr'>Aquino.</span> 
     </span>
    </p>
   </div>
   <div class='ocr_carea' id='block_1_10' title="bbox 0 0 1380 4658">
    <p class='ocr_par' dir='ltr' id='par_1_15' title="bbox 0 0 1380 4658">
     <span class='ocr_line' id='line_1_36' title="bbox 0 0 1380 4658; baseline 0 0"><span class='ocrx_word' id='word_1_297' title='bbox 0 0 1380 4658; x_wconf 95' lang='lat' dir='ltr'> </span> 
     </span>
    </p>
   </div>
  </div>
 </body>
</html>
