2722 4658
227 244 267 307 10

98 465 104 488 ι
183 428 341 516 imprimis
376 437 472 516 aptos
505 428 622 510 fuisse,
656 428 713 511 qui
744 427 980 514 posterioribus
1013 442 1125 497 ansam
1151 430 1194 495 ad
1220 432 1313 498 tales

183 542 355 607 continuas
382 541 469 605 vitae
501 539 721 622 narrationes,
754 528 836 620 quae
863 536 964 606 hodic
991 550 1135 624 exstant,
1157 533 1309 608 conscri-

183 649 307 717 bendas
333 648 542 737 praeberent,
571 649 678 731 nemo,
706 644 816 730 oredo,
842 648 985 736 negabit.
1028 648 1108 716 Nec.
1130 652 1309 738 quisquam

179 761 252 845 jure
274 762 417 843 miretur,
441 752 606 843 quomodo
628 754 699 823 fie'ri
716 748 875 844 potuerit,
891 768 929 824 ut
945 757 1071 826 scholia
1084 768 1205 843 vetera,
1218 784 1307 846 quae

181 893 269 937 nunc
290 868 463 952 habemus,
485 852 633 953 excepto}
646 866 723 934 solo'
742 864 851 952 exilio,
873 868 908 933 in
929 891 993 954 quo
1023 869 1215 937 affirmando
1234 895 1310 938 om-

179 1005 238 1049 nes
260 961 362 1048 testes
384 1002 450 1046 uno
473 1001 530 1046 ore
551 976 775 1062 consentiunt,
798 978 1023 1066 perpaululum
1044 978 1142 1067 idque
1163 1004 1307 1068 prorsus

180 1092 245 1158 fide
267 1091 439 1178 indignum
461 1089 501 1155 de
522 1088 574 1157 his
602 1089 700 1157 rebus
728 1091 932 1173 contineant,
960 1113 1058 1177 quum
1086 1091 1165 1159 satis
1188 1114 1308 1178 super-

180 1225 243 1288 que
264 1200 351 1265 inter
378 1221 489 1291 omnes
517 1206 661 1279 constet,
689 1220 786 1284 quarn
812 1182 1021 1265 vehementer
1047 1199 1113 1269 sint
1144 1203 1308 1287 paulatim

179 1311 349 1376 immutata
368 1318 403 1374 et
423 1306 588 1391 mutilata,
610 1318 647 1374 ut
667 1309 773 1395 prima
794 1329 905 1375 eorum
926 1309 1026 1376 facies
1045 1312 1112 1396 jam
1128 1310 1183 1375 vix
1200 1333 1309 1398 agno·

171 1421 299 1519 ocatur.
342 1412 441 1504 Quod
462 1416 535 1485 aliis
558 1440 689 1503 quoque
712 1418 927 1505 scriptoribus
949 1419 1130 1505 antiquiore
1153 1430 1306 1508 tempore

181 1531 340 1598 enarratis
367 1528 527 1597 accidisse
551 1526 702 1596 omnibus
724 1537 838 1595 uotum
860 1538 920 1596 est.
960 1527 1029 1595 Sed
1050 1540 1214 1617 utcunque
1237 1533 1306 1600 hae

145 1638 148 1656 '
181 1664 233 1708 res
257 1664 293 1708 se
315 1636 515 1723 habuerunt,
547 1661 616 1706 non
641 1652 777 1725 possum
810 1660 871 1726 pro
904 1647 994 1705 certo
1026 1663 1095 1707 non
1126 1651 1240 1727 putare
1271 1654 1308 1710 et

180 1752 265 1818 hanc
286 1750 387 1817 vitam
409 1759 442 1815 et
468 1758 593 1815 ceteras
627 1746 787 1835 originem
820 1772 912 1816 suam
945 1749 1131 1817 scholiastis
1164 1751 1310 1838 dehere,

180 1885 318 1949 quorum
341 1853 397 1926 alii
424 1858 628 1925 narrationes
655 1858 812 1944 quasdam
840 1861 920 1927 satis
947 1861 1022 1926 illas
1049 1860 1180 1947 quidem
1207 1873 1307 1929 vetu-

179 1975 264 2055 stas,
287 1971 345 2038 sed
361 1992 476 2057 parum
492 1968 607 2055 plenas
625 1977 658 2036 et
674 1978 859 2053 accuratas,
875 1970 1090 2057 qualicunque
1107 1971 1204 2038 modo
1221 1997 1306 2059 pro-

178 2089 317 2170 pagatae
349 2068 470 2163 crant,
491 2079 720 2173 sequebantur,
751 2080 903 2147 nonnulli
934 2103 1014 2147 vero
1040 2081 1128 2166 iique
1156 2084 1303 2152 seriores

178 2193 263 2259 vitas
286 2191 327 2258 ab
349 2190 415 2257 illis
439 2191 578 2276 scriptas
601 2214 661 2277 pro
689 2188 827 2256 ducibus
849 2188 1023 2258 habebant.
1063 2190 1136 2257 Nec
1157 2193 1304 2263 forsitan

177 2290 392 2390 praetermitti
426 2300 557 2383 debeat,
590 2301 669 2384 quin
698 2302 902 2384 observetur,
926 2303 1028 2382 vitas,
1054 2325 1120 2388 quo
1148 2305 1302 2390 juniores

176 2412 316 2497 ideoque
337 2408 517 2478 deteriores
545 2419 637 2493 sunt,
667 2433 706 2476 eo
735 2407 840 2498 magis
872 2413 911 2478 in·
930 2410 1177 2480 similitudinem
1201 2416 1303 2483 scho-

159 2522 294 2588 liorum
326 2522 493 2599 inclinari,
526 2524 620 2608 cujus
653 2499 718 2586 rei‘
739 2518 966 2608 dijudicandae
993 2525 1125 2589 occasio
1150 2523 1201 2588 his
1229 2549 1307 2593 om·

174 2630 272 2698 nibus
295 2624 373 2697 vitis
400 2630 590 2717 propositis
606 2629 694 2695 iufra
719 2631 829 2717 aptius
848 2631 1065 2718 praebebitur.
1104 2634 1191 2710 Satis
1209 2659 1302 2704 nunc

175 2743 239 2809 erit
260 2740 447 2806 meminisse
468 2738 556 2805 haud
582 2740 771 2806 inusitatam
797 2763 873 2808 esse
898 2743 1039 2809 vitarum
1064 2765 1137 2809 cum
1159 2745 1300 2815 scholiis

174 2852 452 2939 conjunctionem,
472 2856 511 2916 'ut
531 2859 565 2916 et
579 2847 726 2937 plerique
742 2844 1101 2921 codices'Juvenatiani
1118 2856 1301 2923 ostendunt

174 2963 256 3050 (vid.
279 2985 329 3028 ex.
351 2985 379 3028 c.
403 2955 446 3028 D.
466 2961 512 3052 G.
533 2962 575 3027 A.
600 2951 748 3028 Orameri
779 2963 813 3028 in
840 2962 886 3030 D.
907 2964 987 3031 Jun.
1014 2965 1093 3032 Juv.
1122 2974 1183 3031 sat.
1206 2987 1301 3033 corn-

172 3075 323 3140 mentarii
355 3073 478 3140 vetusti
499 3095 533 3158 p.
555 3071 617 3136 568
640 3081 673 3138 et
694 3071 771 3160 569)
800 3084 835 3140 et
861 3077 941 3143 satis
975 3075 1068 3142 clare
1092 3074 1189 3142 uobis
1218 3088 1296 3145 ante

173 3186 293 3251 oculos·
309 3184 404 3271 pouit
426 3185 495 3249 vita
516 3182 640 3266 Persii,
662 3184 715 3248 cui
737 3183 771 3248 in
787 3179 955 3271 codicibus
972 3185 1210 3272 praescriptum
1225 3197 1297 3255 est:
1328 3213 1331 3225 ·

172 3294 211 3362 dc
244 3296 473 3360 commentario
507 3294 616 3359 Probi
652 3290 781 3360 Valerii
811 3294 954 3378 sublata,
986 3317 1132 3380 quaeque
1165 3299 1298 3368 verbis:

171 3408 278 3475 ”huno
298 3408 408 3492 ipsum
428 3404 550 3471 librum
570 3405 797 3491 imperfectum
813 3405 962 3492 reliquit”
984 3407 1193 3473 scholiastam
1215 3432 1297 3495 pro-

170 3520 219 3587 dit
240 3519 445 3604 scriptorem.
491 3511 558 3580 Sed
580 3515 677 3581 aliam
703 3537 833 3602 quoque
861 3516 903 3582 oh
929 3539 998 3583 rem
1020 3518 1221 3604 comparatio
1244 3523 1296 3587 vi-

170 3666 375 3681 ..ω-*-

170 3742 338 3796 Constantini
355 3740 392 3792 Μ.
411 3743 492 3804 (intra
510 3754 593 3790 annos
612 3732 757 3803 ccl-330)
775 3741 915 3792 referenda
934 3758 991 3793 esse
1008 3744 1085 3794 docet
1102 3744 1241 3795 Heinrich.
1260 3749 1294 3798 T.

168 3836 203 3889 111
214 3856 240 3904 p.
259 3837 317 3888 542.
356 3832 463 3897 Nescio,
489 3849 551 3886 num
578 3834 644 3886 haec
669 3850 710 3887 res
736 3837 830 3887 melius
857 3838 1002 3902 certiusque
1030 3839 1164 3901 explanari
1190 3845 1292 3904 possit3

168 3948 230 3984 nem
247 3939 348 3998 tempus
372 3939 399 3983 et
421 3931 525 3983 occasio
554 3929 630 3994 hujus
658 3932 818 3996 quaestionis
840 3931 873 3979 ab
895 3932 997 3998 integro
1022 3932 1199 3982 instituendae
1222 3937 1293 3988 mihi

168 4029 235 4078 hoec
261 4027 385 4078 scribenti
412 4024 505 4076 defuit.
539 4023 662 4091 Forsitan
689 4038 741 4074 non
762 4026 818 4074 sins
843 4039 938 4090 magno
966 4032 1068 4074 ceterae
1095 4027 1293 4092 disquisitionis

166 4137 240 4173 meae
257 4118 430 4185 detrimento„
450 4120 494 4170 Ad
513 4125 627 4170 aetatem
645 4119 726 4170 schol.
745 4117 919 4169 definiendam
939 4121 1052 4182 pertinet
1070 4122 1196 4184 imprimis
1214 4135 1292 4188 nota,

168 4228 246 4282 quam
268 4215 347 4268 habet
370 4215 488 4266 scholion
506 4212 540 4266 ed
558 4211 586 4264 S.
604 4212 647 4263 111
665 4213 726 4264 267:
745 4211 783 4264 Et
797 4229 860 4268 nuuc
876 4213 944 4284 opud
962 4213 1116 4269 Aetaieaas
1131 4218 1233 4268 marmio
1250 4235 1294 4273 so·
1344 4228 1346 4251 ¹

167 4307 216 4364 leat
229 4310 257 4363 ia
274 4323 317 4363 cre
332 4323 452 4363 nummum
469 4308 597 4364 minume
613 4315 639 4361 st
658 4325 683 4375 q.
700 4324 720 4360 s.
1057 4325 1060 4331 ¹
