2722 4658
164 158 206 223 50

117 345 244 433 quippe
272 343 329 429 qui
355 343 440 411 inter
466 365 523 411 eos
549 341 669 408 milites
701 327 870 430 gregarios
902 341 1094 441 eligeretur,
1126 340 1189 425 qui
1208 360 1250 409 ex

123 452 334 522 inferioribus
345 453 514 521 ordinibus
525 454 561 519 in
576 453 684 518 locum
700 450 899 518 centurionis
915 450 1092 537 pervenire
1104 458 1252 535 possent

125 560 684 655 (vid.Marquardtl.c.p.417sq).
706 561 805 667 Quod
815 563 917 649 igitur
928 558 1251 649 poetaUmbrieium

124 698 161 743 se
182 671 372 744 ”satirarum
393 675 575 762 adjutorem
596 674 787 767 caligatum”
803 672 1019 758 appellantem
1035 670 1194 767 induerit,
1212 694 1250 739 eo

124 795 291 873 spectasse
313 793 528 872 apparet„ut
548 784 620 870 ipse
642 784 818 850 ‘satirarum
845 783 987 870 scriptor
1006 782 1175 885 tribunus
1196 782 1253 849 mi·

122 894 216 961 litum
247 918 320 963 esso
352 894 586 981 designaretur.
620 892 707 977 ‚Neo
733 890 801 957 ulla
833 892 913 958 satis
945 900 1037 979 apta,
1071 892 1140 958 vix
1176 915 1254 960 sana

123 1005 282 1088 quaedam
304 1003 500 1091 significatio
519 1013 560 1069 ut
580 1027 621 1070 ex
641 1002 693 1068 bis
720 1001 831 1068 verbis
858 1001 1016 1085 eliciatur,
1042 1002 1155 1103 nobis
1178 1024 1253 1069 cou-

123 1117 243 1204 tinget,
266 1113 330 1179 nisi
351 1112 651 1199 interpretationem
673 1133 772 1197 supra
794 1110 997 1197 propositam
1018 1113 1179 1198 amplexi
1194 1115 1253 1181 eri·

122 1248 206 1309 mus,
229 1221 358 1308 quando
380 1244 552 1309 nusquam,
575 1221 610 1287 ni
629 1220 737 1305 fallor,
764 1221 923 1310 caligatus
950 1244 1012 1308 pro
1033 1221 1128 1291 bene
1152 1246 1263 1318 arma,

122 1344 158 1400 to
193 1333 245 1400 vel
276 1342 401 1418 parato,
433 1341 469 1396 ut
499 1333 629 1416 volunt,
662 1331 805 1419 ponitur.
857 1329 973 1416 Itaque
1005 1330 1094 1398 nihil
1125 1335 1256 1418 dubito,

124 1445 204 1529 quin
232 1441 353 1531 aliquid
379 1442 414 1508 in
439 1440 596 1509 hocloco
624 1441 732 1508 inesse
754 1463 828 1506 cum
853 1439 1035 1507 Ribbeokio
1059 1453 1163 1513 recte
1184 1468 1257 1515 sen·

123 1556 217 1633 tiam,
240 1554 329 1638 quod
350 1553 391 1620 ad
412 1552 551 1618 militare
574 1547 743 1638 scriptoris
760 1544 879 1618 munus
896 1551 1163 1639 significandum
1180 1580 1255 1645 per-

124 1665 234 1731 tineat.
290 1661 359 1730 Sed
391 1686 491 1747 quum
523 1664 618 1751 tertia
652 1664 765 1746 satira,
797 1662 887 1749 quod
917 1663 1001 1730 infra
1032 1651 1196 1752 idoneis,
1216 1677 1255 1734 ut

125 1798 234 1862 spero,
256 1775 455 1860 argumentis
478 1773 759 1839 demonstraturus
776 1795 862 1857 sum,
878 1782 951 1840 ante
966 1774 1107 1844 exilium
1128 1778 1259 1880 scripta

125 1884 183 1967 sit,
204 1882 280 1948 inde
297 1881 454 1961 efficitur,
476 1890 513 1946 ut
540 1882 726 1968 imperator,
753 1881 938 1968 quicunque
964 1885 1042 1969 fuit,
1066 1910 1087 1953 a
1109 1911 1188 1975 quo
1210 1913 1261 1957 re-

124 1992 252 2080 legatus
275 2001 327 2057 est
341 1989 535 2074 duvenalis,
557 2000 625 2055 tum
643 1990 784 2075 primum
800 1994 836 2058 ei
859 1994 1052 2081 dignitatem
1074 1996 1178 2066 illam
1200 2001 1258 2066 mi-
1291 2072 1294 2081 ,

124 2102 252 2169 litarem
269 2121 341 2167 non
362 2099 587 2186 impertiverit.
629 2098 728 2186 Quod
750 2101 875 2188 optime
901 2103 983 2168 mihi
1004 2125 1081 2171 oum
1104 2111 1258 2178 vitarum

126 2212 367 2279 narrationibus
394 2232 573 2298 congruere
597 2213 739 2280 videtur.
784 2206 895 2280 Credo
923 2214 1008 2280 enim
1030 2214 1256 2311 Juvenalem,

31 2308 32 2316 ἵ
126 2333 298 2407 antequam
328 2321 532 2408 ”praefectus
564 2323 705 2390 militum
737 2322 771 2389 in
799 2331 950 2397 extrema
969 2322 1123 2412 Aegypti
1161 2340 1258 2415 parte

126 2430 345 2501 tendentium”
364 2434 472 2502 ‘lactus
494 2442 560 2516 est,
589 2434 738 2500 semestri
761 2433 945 2517 tribunatu,
973 2455 1117 2518 quocum
1143 2440 1258 2531 digni-

127 2556 180 2611 tas
196 2545 356 2627 equestris
364 2541 541 2630 ‘conjuncta
555 2543 633 2625 suit,
645 2544 743 2610 sicuti
753 2542 953 2628 Martialem,
963 2544 1123 2613 donatum
1135 2551 1260 2622 fuisset

22 2705 25 2710 .
127 2652 208 2718 Non
224 2660 385 2717 cunctans
407 2651 509 2739 igitur
529 2650 625 2718 fidem
646 2652 756 2718 tribuo
779 2654 866 2718 vitae
886 2652 954 2737 VI,
981 2677 1063 2739 quae
1085 2657 1177 2727 haec
1200 2664 1257 2731 b'a-

128 2763 199 2829 beta
230 2761 337 2842 ‘Quam
363 2783 400 2826 ea
425 2761 555 2855 Aquino
587 2763 766 2848 municipio
791 2763 927 2828 Romam
947 2786 979 2832 ee
1001 2771 1199 2840 contulisset
1225 2787 1256 2842 at

125 2874 173 2940 ed
190 2873 389 2959 dipaa'totem
415 2874 571 2958 equestris
597 2873 727 2938 *ordinis
749 2876 921 2960 pervenire
948 2897 1006 2939 saa
1031 2861 1162 2949 uirtute
1191 2905 1255 2959 ors·

5 3026 10 3053 t
64 2976 77 2988 ’
128 2987 263 3064 ruiaeet3
295 2985 412 3051 deinde
445 2983 521 3056 hinc
553 2983 721 3050 commode
742 2986 898 3069 firmatur,
931 2986 1019 3070 quod
1051 2987 1093 3055 de
1126 3016 1254 3080 genere

129 3095 303 3164 Juvenalis
326 3096 360 3161 in
383 3093 451 3160 vita
466 3094 485 3158 I
500 3094 672 3161 memoriae
694 3095 862 3180 proditum
881 3107 942 3162 est.
984 3100 1139 3184 Apparet
1161 3107 1255 3172 onim

130 3228 219 3288 eum,
247 3205 303 3289 qui
330 3204 392 3270 hoc
418 3204 516 3270 modo
544 3202 586 3268 ad
612 3203 804 3290 dignitatem
833 3206 957 3274 ordinis
984 3211 1148 3292 equestris
1173 3239 1253 3302 pro-

20 3370 24 3383 .
131 3324 245 3382 vectus
259 3323 365 3397 esset,
381 3315 535 3382 inferiore
551 3315 625 3380 loeo
642 3324 753 3380 natum
774 3316 896 3399 fuisse,
909 3340 1006 3402 quam
1023 3322 1253 3406 suspicionem

131 3425 225 3493 valde
257 3432 368 3512 aptum
396 3434 447 3491 est
479 3425 567 3509 quod
598 3435 729 3491 moveat
760 3427 862 3515 epigr.
887 3429 925 3493 18
952 3428 1029 3496 libri
1053 3430 1129 3499 XII
1156 3435 1252 3507 Mar-

131 3537 235 3621 tialis,
260 3535 317 3603 ubi
344 3534 536 3600 Juvenalem
563 3537 609 3600 ita
630 3534 774 3600 adfatur:

384 3646 454 3697 Dum
472 3653 500 3694 tu
517 3647 628 3696 forsitan
645 3646 776 3711 inquietus
794 3655 864 3698 a‘rras

386 3738 520 3799 Clamosa,
538 3738 686 3800 Juvenum,
703 3741 731 3789 in
750 3741 865 3800 Subura,

384 3833 440 3882 Aut
458 3831 549 3882 collem
567 3833 688 3883 dominae
705 3837 767 3884 teris
785 3834 900 3898 Dianae;

385 3925 454 3976 Dum
472 3940 518 3989 per
533 3926 625 3976 limina
642 3935 668 3977 te
685 3931 858 3992 potentiorum

384 4020 510 4069 Sudatrix
527 4028 590 4084 toga
607 4023 716 4072 ventilat
732 4038 877 4089 vagumque
960 4050 962 4054 Α

384 4113 472 4179 Major
489 4111 594 4162 Caelius
611 4121 637 4163 et
654 4118 741 4166 minor
756 4118 880 4182 fatigant:

384 4205 427 4255 Me
444 4207 542 4257 multos
558 4209 671 4272 repetita
686 4216 745 4272 post
762 4208 919 4262 Decembres
