2722 4658
1099 206 1139 270 Π

70 393 364 479 mus,'retra'otatis
385 399 483 475 atque
503 387 539 454 in
559 409 631 455 eam
651 389 805 472 formam,
826 410 922 477 quam
943 397 1030 458 nunc
1051 391 1182 477 babent,

71 507 209 590 refictis,
230 506 377 571 ‘animum
402 502 437 567 in
463 499 648 585 praesentia
674 508 821 586 tempora
847 509 1036 568 convertere
1062 503 1182 590 coepit.

71 617 125 685 Ibi
146 624 250 683 status
269 615 451 679 litterarum
469 609 611 688 homini,
632 610 688 695 qui
709 632 745 677 se
767 610 885 677 litteris
907 619 1012 678 totum
1028 610 1184 698 dedisset,

72 727 210 794 maxima
243 722 335 790 cordi
367 707 445 788 esse
470 718 618 788 debebat
671 720 784 804 Atque
814 720 1054 810 indignatione,
1087 736 1184 809 quant

74 836 155 903 haec
174 857 227 901 res
250 833 281 900 ei
302 838 462 912 moverat,
483 829 579 915 quasi
595 829 758 896 relaxatus
774 831 815 898 ad
831 841 1055 919 argumentum
1078 833 1185 901 erhe-

73 955 182 1012 torum
199 941 321 1011 scholis
339 939 479 1026 quodam
493 939 592 1006 modo
609 939 746 1026 petitum
766 940 801 1006 iu
823 950 968 1008 octava
984 943 1086 1008 satira
1101 953 1185 1010 trao-

71 1056 208 1122 tandum
224 1053 383 1121 sedatiore
400 1051 508 1117 animo
525 1050 668 1132 transiit,
686 1070 782 1133 quam
799 1052 914 1118 eodem
929 1061 1091 1140 tempore,
1118 1075 1185 1139 quo

74 1167 211 1255 priores,
227 1164 440 1251 compositam
461 1181 535 1228 esse
557 1160 702 1228 ostendit
717 1184 748 1226 v.
767 1160 839 1245 120,
855 1163 912 1228 ubi
929 1165 1074 1252 ejusdem
1085 1163 1187 1232 Marii

65 1277 183 1344 -Prisci
198 1274 319 1342 mentio
334 1273 392 1357 fit,
402 1271 444 1339 de
459 1294 525 1357 quo
541 1271 583 1338 ad
598 1271 736 1357 primam
747 1271 879 1338 satiram
889 1272 1041 1342 diximus.
1067 1275 1188 1362 Quam·

67 1409 172 1474 -quam
191 1384 349 1473 peculiari
370 1383 527 1469 temporis
548 1388 628 1447 nota
648 1391 737 1447 caret
757 1403 859 1448 noua
884 1382 1000 1465 satira,
1027 1393 1061 1450 et
1080 1406 1187 1453 rerum

75 1497 122 1564 ibi
154 1496 374 1583 expositarum
406 1490 546 1558 foeditas
574 1499 608 1557 et
633 1498 723 1556 totus
755 1492 914 1559 orationis
947 1492 1039 1560 color
1070 1494 1190 1564 clarius

75 1609 220 1675 indicant
241 1629 313 1673 eam
333 1625 462 1690 quoque
484 1601 628 1688 ejusdem
654 1601 810 1688 temporis
837 1624 911 1686 esse
932 1624 970 1669 ac
993 1600 1192 1693 superiores,

74 1742 173 1807 quam
194 1728 232 1782 ut
251 1717 294 1782 in*
308 1714 369 1780 hac
390 1736 425 1780 re
447 1712 538 1778 dubii
559 1711 758 1778 haereamus.
1006 1719 1010 1726 ’

69 1881 72 1887 .
177 1826 228 1894 Ut
248 1847 334 1890 nuno
360 1824 582 1910 quaestionem
609 1822 651 1889 ad
677 1832 777 1910 caput
802 1823 898 1907 illud,
925 1825 1014 1911 quod
1039 1827 1075 1891 in
1101 1826 1192 1893 exilii

75 1948 209 2008 auctore
230 1934 429 2022 explorando
453 1943 610 2018 versatur,
631 1932 763 2000 tandem
784 1936 1033 2019 transferamus,
1053 1946 1128 2023 apte
1150 1936 1192 2002 ad

70 2047 336 2138 ‘persuadendum
368 2046 448 2112 mibi
479 2044 667 2131 disputasse
701 2030 828 2130 videor,
853 2044 1064 2113 fundamenta
1095 2046 1193 2133 primi

75 2161 192 2230 saltem
213 2158 289 2224 libri
311 2178 349 2222 ao
370 2157 512 2224 fortasse
533 2156 631 2221 etiam
657 2154 792 2222 secundi
813 2155 874 2221 snb
896 2156 1086 2222 Domitiano
1105 2158 1195 2242 jactu

75 2291 151 2334 esse
173 2277 269 2348 atque
291 2264 408 2329 deinde
430 2286 450 2328 a
470 2265 629 2348 scriptore
651 2270 849 2348 pertractata
869 2274 903 2330 et
923 2265 1073 2346 conflata,
1094 2286 1194 2351 quum

79 2376 256 2442 carminum
288 2373 440 2439 volumen
473 2374 651 2441 emissurus
680 2375 817 2460 essetl).
861 2375 973 2459 Atque
999 2375 1104 2462 ipsam
1126 2376 1195 2442 edi·

70 2488 202 2553 'tionem
236 2485 345 2552 statim
371 2492 450 2570 post
475 2506 594 2550 anuum
623 2485 695 2567 100,
727 2485 868 2552 fortusse
901 2485 964 2552 hoc
990 2488 1064 2573 ipso
1097 2509 1193 2571 anno,

79 2598 286 2665 subsecutam
318 2616 391 2662 esse
424 2616 537 2660 omues
569 2594 637 2660 fere
669 2595 880 2679 recentiores,
907 2604 1045 2684 excepto
1072 2597 1194 2664 Franc-

78 2709 135 2774 kio
162 2707 244 2794 (vid.
267 2727 366 2791 supra
387 2727 420 2790 p.
448 2703 515 2792 56),
547 2704 757 2770 consentiunt
789 2713 823 2771 et
854 2692 1037 2774 clarissimo
1069 2716 1196 2795 tempo*-

79 2821 126 2884 ris
157 2817 290 2900 indicio,
322 2814 411 2902 quod
448 2814 547 2880 habet
563 2828 568 2836 “
582 2814 687 2900 prima
725 2814 839 2898 satira,
877 2816 1068 2904 diligentius
1100 2840 1196 2905 repu-

80 2938 149 2994 tato
171 2928 354 2993 consentire
377 2922 507 2990 debent.
548 2922 622 2989 Neo
643 2932 751 2989 tamen
775 2947 886 2992 omues
914 2941 981 2992 tres
1008 2927 1135 3013 priores
1157 2926 1196 2993 li-

81 3038 133 3102 bri
151 3037 304 3125 junotim,
327 3035 384 3102 sed
407 3034 489 3099 alius
516 3027 594 3121 post
620 3034 719 3100 alium
745 3035 922 3121 separatim
948 3036 1027 3102 editi
1048 3059 1121 3104 esse
1141 3039 1196 3105 vel

81 3147 156 3213 ideo
177 3146 312 3232 putandi
336 3152 427 3229 sunt,
449 3144 539 3230 quod
561 3168 679 3212 nomeu
697 3146 800 3212 libelli
815 3147 849 3211 in
866 3147 970 3232 prima
987 3148 1087 3215 satira
1102 3172 1196 3217 usur·

76 3265 194 3345 patum
216 3257 384 3342 aptissime
405 3255 447 3322 ad
468 3257 565 3325 unius
587 3264 712 3323 tantum
735 3258 909 3325 voluminis
926 3259 1095 3326 circuitum
1118 3283 1197 3346 qua·

81 3368 175 3434 drare
197 3365 326 3432 videtur
347 3375 442 3453 atque
463 3367 597 3453 insuper
618 3366 734 3433 ultima
754 3367 843 3435 illius
866 3369 984 3436 satirae
1007 3371 1107 3437 verba
1122 3392 1196 3436 cum

80 3478 281 3565 argumentis
307 3478 341 3541 in
368 3477 466 3542 tertio
497 3477 582 3544 libro
614 3478 838 3564 imprimisque
865 3480 899 3545 in
927 3481 1064 3567 septima
1097 3481 1197 3548 satira

82 3589 230 3653 tractatis
261 3608 376 3672 parum
408 3589 613 3674 conspirant,
646 3589 703 3654 ubi
735 3598 863 3676 poetam
893 3611 927 3656 se
949 3591 991 3656 ad
1012 3590 1197 3675 praesentia

81 3708 230 3782 tempora
256 3697 418 3784 respicere
448 3697 537 3764 <haud
564 3699 703 3766 obscure
734 3699 881 3786 profiteri
903 3699 1055 3766 diximus.
1099 3699 1198 3768 Prae·

82 3819 172 3875 terea
194 3808 314 3896 singuli
333 3807 370 3872 hi
391 3808 466 3873 libri
487 3816 612 3876 tantum
634 3811 702 3876 fere
724 3832 878 3880 versuum
899 3832 1066 3878 numerum
1094 3812 1198 3880 conti·

83 3926 177 4001 nent,
205 3939 299 4004 quem
325 3937 391 3982 uno
419 3917 584 3984 volumine
606 3919 838 4006 comprehendi
860 3919 994 3986 solitum
1019 3941 1093 3990 esse
1120 3944 1197 3990 con·

83 4035 159 4095 stat.
202 4025 286 4096 Sunt
306 4027 416 4115 igitur,
438 4035 475 4092 ut
495 4049 567 4094 mea
588 4028 652 4094 fert
672 4031 795 4116 opinio,
817 4051 920 4118 parvo
942 4033 1101 4118 temporis
1123 4053 1198 4118 spa-

185 4200 206 4263 ¹>
225 4199 267 4250 Cf.
286 4201 354 4265 quod
372 4203 399 4252 in
417 4201 527 4252 eandem
544 4201 599 4253 fere
616 4206 772 4258 senteutiam
790 4205 932 4270 disputarit
950 4203 1001 4258 (iu.
1018 4205 1050 4254 u.
1068 4204 1199 4256 Weberua
1327 4227 1328 4231 ¹

83 4294 101 4342 Ι.
120 4308 141 4344 o.
158 4309 183 4358 p.
201 4294 251 4342 226
269 4309 307 4358 sq.
1201 4334 1280 4384 .
