2722 4658
152 137 193 201 24

113 325 227 390 merito
249 342 368 411 auceps
391 320 562 402 videretur,
590 331 626 384 ut
652 310 772 403 aliquid
801 343 895 408 aegre
917 320 1154 401 desiderarent,
1179 312 1228 383 ad

113 433 200 518 quod
226 431 355 519 definite
388 432 498 496 referri
531 440 659 517 posset,
692 451 750 495 suo
779 433 913 516 quisque
940 430 1036 496 modo
1065 430 1142 494 huic
1172 430 1229 494 in-

114 541 282 607 commodo
315 543 434 608 mederi
466 551 601 608 conatus
634 551 693 607 est
737 539 767 604 Ii
788 543 969 626 praecipue,
996 543 1051 626 qui
1073 534 1229 614 ‹quena-

115 648 178 743 Iem
200 651 334 718 Romam
356 676 520 719 reversum
547 675 619 718 esse
645 660 777 732 norant,
799 653 981 716 necessario
1004 651 1087 733 fere,
1108 672 1230 716 narra-

116 746 205 828 tione
227 763 314 828 exilii
342 773 374 828 et
399 765 512 829 mortis
545 763 694 843 diremta,
722 761 767 825 ad‘
790 761 912 844 aliquid
935 760 1114 826 addendum
1140 761 1232 827 fera-

116 873 240 956 bantur,
274 897 313 939 ne
345 895 417 937 voc.
440 875 488 936 ita
516 873 662 937 velutin
696 892 854 955 suspenso
884 880 980 936 esset.
1024 869 1099 935 Hoc
1122 871 1230 938 modo

117 985 187 1049 siue
219 983 317 1048 dubio
349 983 383 1046 in
417 982 482 1046 vita
502 980 554 1044 IH
576 992 646 1045 orta
679 990 729 1044 est
759 980 868 1045 fabula
894 980 951 1044 illa
979 982 1018 1045 de
1050 978 1232 1066 Martiale,

118 1115 213 1179 quam
235 1115 281 1156 ex*
296 1095 522 1180 epigrammate
545 1091 806 1156 duodevicesimo
824 1090 897 1155 libri
913 1088 999 1171 XII,
1021 1090 1162 1156 Romam
1186 1115 1231 1158 ex

117 1201 280 1288 Hispania
300 1203 409 1284 misse,
431 1203 579 1268 haustam
612 1223 684 1266 esse
712 1223 821 1266 omnes
849 1203 1066 1266 consentiunt.
1111 1203 1231 1269 Aliam

116 1312 202 1378 viam
233 1314 400 1399 ingressus
428 1324 478 1377 est
511 1314 650 1397 scriptor
683 1314 768 1376 vitae
790 1309 839 1391 Π,
872 1333 967 1394 quem
1000 1331 1121 1397 ocyore
1152 1335 1232 1381 voe.

44 1429 48 1439 '
117 1426 239 1509 captae
260 1424 501 1509 interpretatum
523 1445 609 1504 esse,
637 1432 672 1488 ut
694 1423 812 1508 legitur
834 1445 884 1506 ap.
907 1422 992 1486 Plin.
1016 1422 1046 1485 h.
1069 1447 1101 1487 n.
1125 1421 1233 1508 Vm,

118 1534 169 1617 27,
185 1536 222 1598 41
248 1544 280 1599 et
299 1535 374 1600 Liv.
392 1531 435 1614 V,
456 1532 507 1613 48,
524 1533 700 1598 rectissime
718 1533 814 1597 docet
835 1531 1036 1617 Pintzger:·l.
1053 1554 1079 1595 c.
1097 1556 1131 1617 p.
1153 1535 1233 1600 270.
1257 1560 1260 1565 ·

116 1641 213 1709 Hanc
235 1647 276 1711 ob
298 1666 426 1710 oausam
448 1664 567 1728 ocyore
590 1645 699 1729 omisit
719 1654 752 1707 et
774 1645 821 1710 sic
838 1643 1094 1728 scripsitzseae‘o
1111 1657 1144 1709 et
1164 1659 1235 1712 tae·

41 1803 48 1815 s
117 1755 172 1820 eto
200 1757 285 1819 vitae
309 1754 463 1842 confectus
480 1765 708 1838 properantem
724 1755 877 1836 spiritum
899 1775 967 1818 eum
983 1757 1064 1818 teeae'
1087 1760 1235 1840 ecapuit.

119 1861 186 1929 Sed
210 1888 249 1928 ne
271 1864 319 1927 illi
341 1864 484 1947 quidem,
507 1865 561 1946 qui
585 1865 624 1927 de
646 1861 750 1926 reditu
773 1875 887 1945 poetae
915 1863 995 1928 nihil
1024 1876 1236 1949 compertum

118 1973 294 2055 habebant,
317 1974 350 2037 in
372 1994 443 2038 voc,
465 1975 516 2036 e'tc
536 1973 665 2037 haerere
681 1994 746 2034 non
769 1980 951 2056 potueruut.
990 1973 1105 2059 Itaque
1124 1979 1237 2063 scrip·

118 2093 170 2149 tor
196 2086 281 2149 vitae
303 2108 353 2170 ap.
376 2085 547 2170 Pintzger,
569 2106 666 2167 quum
688 2085 800 2147 insat.
821 2081 952 2146 1112‘23
975 2085 1237 2172 haeclegisset:

200 2247 207 2287 ς
226 2239 228 2244 ·
320 2214 349 2265 Si
368 2225 439 2278 potes
458 2216 534 2263 avelli
553 2215 753 2271 uticensibuset
773 2232 795 2277 q.
814 2228 833 2260 s.

119 2350 214 2424 atque
236 2340 391 2425 imprimis
414 2342 445 2403 in
469 2339 535 2406 Sat.
558 2337 611 2403 XI
638 2340 693 2402 53:

318 2471 366 2519 Ille
385 2472 460 2519 dolor
477 2472 546 2518 solus
565 2473 674 2533 patriam
693 2471 863 2534 fugient'rbus‚
883 2473 929 2520 illa

319 2564 451 2612 Maestitia
469 2573 520 2618 est,
540 2565 652 2612 caruisse
671 2579 738 2610 anno
759 2565 915 2613 circensibus
933 2581 995 2623 uno,

119 2667 193 2733 inde
217 2692 326 2733 ausam
349 2655 556 2733 additamenti
579 2670 629 2734 sui
652 2671 800 2754 arripuit3
823 2671 868 2734 ait
888 2672 971 2735 enim
995 2683 1071 2757 post
1093 2677 1237 2745 exilium

121 2789 415 2844 commemoratum:
449 2779 549 2861 Unde,
573 2801 640 2842 cum
664 2794 786 2845 careret
809 2785 964 2845 consuetis
986 2789 1180 2867 spectaculis
1205 2802 1238 2854 et

113 2890 220 2983 plecta,
255 2910 345 2975 quoe*
365 2891 482 2954 Romae
508 2890 657 2972 fiebant,
678 2891 882 2976 aspritudine
910 2905 939 2956 et
973 2894 1078 2958 taedio
1106 2897 1236 2982 peciit.

121 3001 243 3068 Eadem
275 3005 398 3091 ratione
432 3003 561 3065 ductum
585 3003 701 3068 ,fuisse
735 3015 814 3087 puto
850 3005 1040 3089 scriptorem
1073 3008 1163 3074 vitae
1199 3012 1235 3096 I,

121 3135 219 3196 quum
245 3113 342 3177 uerba
377 3112 433 3176 illa
465 3133 653 3197 quamquem
682 3117 902 3197 octoqeucra'ee
935 3118 1109 3181 eteorum
1135 3123 1234 3188 intra

123 3223 342 3287 brevissimum
370 3235 488 3308 tempus
516 3225 680 3288 insereret.
725 3223 808 3287 Nam
836 3247 933 3309 quum
968 3227 1065 3291 verba
1091 3232 1154 3293 ita*
1172 3214 1233 3297 ca·

120 3353 198 3420 pore
221 3347 250 3397 et
274 3333 382 3397 taedio
398 3337 504 3417 periit
532 3356 602 3396 cum
632 3334 792 3398 mentione
815 3334 903 3399 exilii
925 3339 1071 3419 proxime
1100 3351 1233 3423 antece-

15 3520 23 3534 ,
121 3436 232 3525 dente,
266 3442 532 3526 quemadmodum
565 3470 629 3510 non
658 3447 726 3510 sine
755 3446 820 3508 ulla
854 3447 997 3511 veritatis
1026 3452 1135 3533 specie
1157 3454 1232 3521 fieri

120 3557 242 3639 potuit,
265 3555 312 3620 sic
334 3558 555 3642 conjungeret,
580 3565 616 3620 ut
632 3557 823 3622 Iuvenalem
847 3558 936 3622 brevi
958 3568 1113 3643 tempore,
1137 3536 1234 3648 post-

120 3688 214 3749 quam
233 3667 269 3729 in
292 3665 422 3729 exilium
454 3668 572 3733 missus
606 3677 706 3747 esset,
730 3691 747 3731 e
770 3669 836 3731 vita
862 3668 1043 3733 decessisse
1066 3670 1232 3757 crederet,

120 3775 194 3839 inde
216 3778 376 3842 conclusit
402 3778 531 3843 exilium
554 3779 587 3842 in
612 3783 784 3844 extremam
811 3781 880 3866 ejus
903 3789 1036 3843 aetatem
1059 3780 1229 3851 incidisse.

120 3882 193 3948 Hac
212 3889 366 3971 opinione
388 3898 503 3974 captus
526 3899 621 3974 atque
645 3888 771 3954 aliunde
795 3890 833 3954 de
856 3899 951 3974 poeta
978 3891 1081 3954 '’anno
1110 3897 1231 3961 aetatis

121 4017 197 4060 suae
220 3996 319 4061 altero
342 4009 375 4063 et
397 4001 615 4087 octogesimo'’
648 4008 774 4064 mortuo
803 4000 922 4063 certior
949 4000 1053 4065 factus
1083 4000 1233 4069 ‹Iuvena-

119 4104 182 4168 lem
199 4109 405 4194 ”quamquam
423 4114 680 4199 octogenarium”
704 4112 780 4175 urbe
798 4118 990 4176 summotum
1006 4109 1107 4176 fuisse
1131 4125 1233 4200 atque
1254 4166 1258 4173 .

29 4104 225 4370 R'bntra
248 4217 472 4288 brevissimum
494 4226 638 4308 tempus’'
656 4222 740 4287 diem
759 4243 941 4307 supremum
959 4220 1079 4287 obiisse
1103 4229 1232 4294 statuit.
