2722 4658
128 200 172 263 ao

89 389 122 450 in
145 386 219 451 aula
240 386 343 470 ipsius
364 387 439 472 plue
461 388 603 451 striones
618 408 713 469 quam
731 387 834 451 bonae
851 386 936 450 ritae
953 384 1120 450 homines
1135 370 1213 472 pos-⁵

89 502 178 577 sent,
199 498 341 584 graviter
361 498 494 583 carpsit.
536 495 610 560 Hos
637 516 743 561 autem
775 496 878 560 libros
906 497 941 560 iu
967 494 1117 561 exilium
1137 496 1206 561 mis·

89 628 147 671 sus
167 606 209 671 ad
229 607 395 673 civitatem
415 608 561 672 ultimam
583 609 727 695 Aegypti
749 606 889 672 Hoasim
916 606 956 670 ab
984 608 1070 692 ipso
1099 606 1207 673 Domi·

90 717 184 780 ciauo
217 719 360 804 scripsit
403 717 483 783 Ideo
516 728 623 783 autem
649 718 682 782 iu
709 717 842 782 exilium
873 715 995 781 missus
1030 724 1106 801 est,
1140 714 1206 801 quia

90 826 175 893 dixit
195 852 325 895 versum
345 829 454 892 illum:
476 829 582 911 ”quod
603 852 670 893 non
692 829 771 893 daut
786 847 955 913 procem,
978 824 1081 893 dabit
1103 812 1205 911 euio’,

88 950 122 1004 et
143 940 185 1005 ad
205 938 268 1019 IV,
296 939 353 1002 38:
384 937 477 1003 ”Hoc
509 939 693 1005 convicium
726 939 758 1002 iu
786 936 837 1002 Fl.
864 935 1128 1021 Domitianum,
1147 932 1204 1002 'riu'

88 1051 236 1130 fratrem,
263 1046 458 1134 Vespasiani
484 1048 600 1124 filium,
624 1051 741 1132 jactat,
769 1050 825 1131 qui
846 1044 1061 1119 calvuejuit.
1110 1042 1204 1135 Pr'op

88 1172 176 1223 terea
196 1157 285 1241 quod
305 1157 476 1223 «luvenalis
503 1158 564 1224 sub
592 1157 700 1242 specio
727 1157 863 1223 honoris
889 1157 1062 1244 relegatus
1094 1154 1204 1227 ested

88 1269 234 1334 cohortis
256 1289 364 1334 curam
385 1271 420 1334 iu
440 1269 597 1357 Aegypto
618 1266 747 1351 Hoasa,
768 1269 825 1333 ubi
847 1278 994 1332 mortuus
1017 1272 1111 1334 est.n
1153 1264 1204 1337 di

91 1378 202 1445 bitrati
228 1390 305 1445 suut
324 1380 426 1468 igitur
447 1379 480 1443 bi
502 1379 696 1446 «Iuvenalem
718 1377 845 1443 exulem
873 1378 990 1443 satiras
1014 1372 1203 1467 sca-ipsimi}

91 1490 170 1576 quin
192 1491 289 1556 etiam
309 1491 392 1556 alter
412 1513 485 1555 eum
505 1491 541 1556 in
563 1489 661 1556 exilio
688 1499 851 1554 mortuum
878 1510 950 1554 esse
971 1486 1108 1558 diserte
1132 1512 1199 1559 ant·

92 1612 192 1668 verat
239 1602 351 1686 Atque
383 1602 466 1668 alios
497 1601 584 1666 idem
616 1600 794 1667 credidisse
826 1623 892 1664 uon
925 1608 976 1663 est
1006 1598 1196 1683 mmandi,

92 1712 361 1796 quemadmodum
383 1712 525 1796 scriptor
552 1712 639 1774 vitae
665 1731 741 1774 mox
768 1710 981 1796 proferendae
1001 1709 1059 1774 ”in
1083 1712 1205 1789 exilio’,

93 1823 213 1905 iuquit,
245 1820 430 1904 ”ampliavit
457 1828 583 1904 satyras
611 1829 644 1884 et
669 1818 820 1905 pleraque
848 1819 999 1902 mutavit,
1026 1820 1209 1888 invehitur·
1250 1896 1252 1915 1

94 1952 157 2015 que
188 1930 224 1995 in
255 1932 379 1995 cineres
400 1928 615 2006 Domitiaui'’;
646 1952 721 1993 uam
752 1940 789 1994 ut
819 1953 887 1995 rem
920 1930 967 1993 ita
998 1932 1211 2023 expedirent,
1250 1918 1252 1939 ¹

94 2044 167 2128 ipsa
186 2040 356 2108 «Iuvenalis
379 2042 503 2125 scripta
522 2040 570 2104 eis
591 2039 750 2124 imprimis
773 2051 959 2122 suaserunt,
981 2040 1040 2125 qni
1062 2042 1164 2110 nihil
1178 2040 1213 2109 dc
1250 2026 1252 2091 l

94 2151 200 2216 reditu
231 2160 349 2237 poetae
380 2172 400 2214 a
431 2150 631 2234 Domitiano,
663 2158 701 2214 ut
727 2151 896 2236 putabant,
929 2150 1070 2238 relegati
1100 2152 1216 2243 cogui-

92 2272 162 2328 tum
188 2261 357 2328 habebant
399 2259 622 2329 Nihilominus
652 2274 742 2345 sunt,
771 2262 828 2347 qui
857 2285 929 2328 sese
951 2284 1019 2327 nou
1041 2262 1216 2331 abstinue-

94 2374 173 2455 rint,
194 2376 272 2458 quin
292 2371 486 2438 Juvenalem
506 2397 527 2438 a
547 2374 739 2439 Domitiano
765 2372 871 2440 Roma
897 2371 1073 2459 expulsum
1102 2374 1217 2443 statim

94 2485 231 2568 periisse
253 2483 494 2548 contenderent.
537 2483 694 2570 Legimus
716 2484 802 2547 enim
828 2484 914 2569 apud
935 2482 1094 2568 Lipsium
1116 2488 1217 2573 epist

96 2602 219 2675 quaest.
242 2590 305 2672 IV,
327 2592 383 2654 20:
405 2591 485 2655 ”Est
506 2591 593 2675 apud
613 2614 665 2657 me
685 2591 804 2657 Divaei
825 2590 907 2659 liber
928 2604 963 2658 et
984 2595 1083 2659 iuteo
1110 2595 1218 2663 Juve-

95 2700 179 2766 ualie
200 2686 267 2765 vita
287 2701 522 2785 manuscripta,
544 2723 626 2784 quae
647 2703 694 2766 ait
713 2702 906 2768 Juvenalem
921 2703 963 2789 ad
977 2701 1124 2770 mediam
1146 2706 1225 2775 fere.

36 2855 44 2867 ι
96 2818 233 2877 aetatem
269 2811 467 2877 declamasse
499 2821 532 2876 et
563 2811 598 2878 iu
630 2811 781 2878 Paridem
818 2815 1052 2899 pantomimum
1093 2837 1216 2881 versus

96 2921 253 3006 quosdam
275 2946 340 2989 uon
362 2922 500 2989 absurde
527 2925 767 3009 composuisse:
799 2925 905 3010 ”quod
930 2947 997 2990 non
1025 2922 1109 2991 dant
1138 2922 1217 3014 prb·

97 3054 185 3097 ceres
207 3042 241 3097 et
261 3056 292 3117 q.
316 3039 360 3100 εἶ’
402 3035 509 3100 Addit
534 3035 650 3102 deinde
678 3038 826 3102 versibus
859 3038 906 3102 eis
934 3018 1112 3122 publicatis
1142 3040 1216 3106 Do-

96 3143 263 3207 mitianum
294 3144 417 3227 pudore
444 3156 478 3211 et
503 3146 553 3209 ira
577 3145 617 3210 de
639 3144 794 3211 Juvenali
822 3146 1002 3211 amovendo
1029 3146 1214 3233 cogitasse.

97 3249 164 3320 Sed
186 3272 257 3315 cum
279 3252 385 3336 palam
410 3255 444 3317 in
470 3255 576 3320 virum
603 3255 684 3319 nihil
716 3255 862 3336 auderet,
893 3256 953 3322 sub
987 3255 1125 3322 honoris
1156 3259 1213 3325 ob·

96 3372 188 3428 tantu
210 3360 366 3426 militibus
393 3366 602 3448 praefecisse,
635 3367 691 3452 qui
718 3367 751 3430 iu
773 3370 963 3452 Aegyptum
996 3365 1213 3436 ducebantur.

97 3472 291 3540 Juvenalem
313 3491 410 3536 cauea
440 3477 661 3556 praefecturae
694 3475 857 3541 intellecta
888 3477 997 3541 taedio
1025 3486 1058 3539 et
1084 3499 1210 3567 angore

97 3582 196 3647 vitam
217 3580 357 3648 finisse.”

65 3740 78 3751 .
197 3693 289 3779 Quae
316 3693 429 3759 ultima
454 3696 553 3761 verba
585 3720 706 3762 novum
737 3695 819 3761 illud
845 3697 1061 3781 antiquissimi
1088 3698 1210 3787 fontis:

98 3804 148 3866 ita
170 3840 211 3851 -
231 3842 273 3853 -
289 3806 411 3889 periit,
444 3805 531 3888 quod
556 3807 703 3891 pluribus
736 3807 808 3873 aliis
841 3809 956 3873 merito
990 3807 1211 3875 offensionem

98 3911 240 3977 movisse
273 3923 369 3999 supra
402 3914 617 3999 ostendimus,
655 3917 890 4002 interpretandi
922 3939 1078 3982 conamen
1110 3921 1211 3987 nobis

99 4030 173 4086 ante
200 4022 312 4091 oculos
345 4031 480 4108 ponunt.
528 4025 639 4110 Atque
672 4049 744 4109 ecs,
778 4029 833 4111 qui
860 4025 1085 4111 Domitianum
1117 4029 1210 4095 exilii

30 4046 264 4344 hamorem
286 4138 474 4199 statuerunt
504 4156 630 4201 omnem
651 4138 691 4203 de
713 4137 861 4204 versibus
887 4135 953 4203 illis
977 4136 1134 4223 septimae
1157 4138 1210 4206 s'a·

98 4236 179 4307 tiras
200 4251 315 4329 postea
335 4242 468 4310 intextis
496 4245 705 4328 mentionem,
733 4244 866 4331 siquid
893 4246 933 4312 de
961 4247 1054 4312 ear'e
1076 4246 1210 4335 compe·
