2722 4658
126 233 197 298 ot<

89 419 188 504 Quod
216 424 323 486 autem
353 409 473 502 aliquis
488 414 513 501 ¹)
541 436 602 501 pro
628 411 750 478 iudicio
779 410 936 478 tenuioris
963 418 1082 539 poetae
1106 410 1219 477 sortis

90 549 222 596 versum
244 527 285 591 98
307 535 367 592 sat.
393 523 445 590 IV
466 544 571 611 nuper
593 523 733 610 accepit·

296 639 371 691 Unde
386 639 428 701 nt,
446 647 476 689 nt
493 638 583 688 malim
600 637 755 688 fraterculus
773 650 830 685 esse
848 635 983 701 Gigantist

91 749 176 814 hanc
196 771 264 815 rem
286 743 438 832 equidem
458 768 572 832 parum
595 754 716 814 certam
735 743 857 832 judico.
901 743 989 813 Satis
1016 751 1107 810 certe
1125 742 1220 810 'vero

26 845 28 849 ,
91 882 136 948 ex,
155 867 225 926 tota
245 858 301 925 XI
323 859 423 927 satira
443 865 541 941 atque
562 856 722 944 imprimis
744 879 775 920 v.
798 855 855 919 65:

344 972 387 1021 Da
405 969 543 1021 Tiburtino
560 971 647 1020 veniet
665 969 851 1034 pinguissimus
869 981 933 1032 agro

345 1065 494 1126 Hoedulus,
627 1050 634 1064 '¹
656 1046 657 1050 Ἰ
825 1039 827 1048 i

82 1183 127 1263 ¹et
149 1176 289 1240 fortasse
309 1193 438 1258 quoque
460 1197 500 1240 ex
523 1181 584 1239 sat.
607 1170 659 1235 VI
682 1171 823 1234 56-57:

498 1287 580 1336 Vivat
599 1284 703 1348 Gabiis,
719 1294 750 1335 nt
767 1287 833 1336 vixit
849 1285 878 1334 in
895 1298 967 1351 agro,

345 1378 426 1430 Vivat
443 1380 561 1442 Fidenis,
580 1379 709 1445 stagello
728 1379 791 1428 cedo
808 1386 928 1441 paterno,

77 1484 250 1574 ‘colligere
277 1486 354 1553 licet
381 1508 454 1553 eum
485 1486 686 1553 modicarum
718 1484 848 1572 quidem
874 1485 1065 1550 facultatum
1093 1486 1222 1572 fuisse,

95 1607 202 1662 tamen
224 1619 289 1661 non
312 1598 400 1662 omni
421 1621 456 1664 re
478 1598 631 1664 familiari
652 1596 858 1680 destitutum,
881 1597 937 1680 qui
952 1594 1123 1681 praedium
1139 1620 1222 1683 pro·

94 1729 136 1794 pe
158 1707 199 1772 ab
227 1708 351 1794 oppido
381 1700 512 1775 Tiburis
541 1708 731 1794 possedisse
757 1706 916 1772 videatur.
959 1706 1069 1791 Quum
1096 1729 1138 1771 ex
1160 1731 1222 1795 pa-

95 1818 159 1883 trio
183 1818 308 1902 oppido
333 1817 471 1882 Romam
504 1818 649 1882 venisset
675 1816 718 1880 ad
744 1815 882 1881 mediam
909 1815 978 1907 fere¹
999 1823 1140 1905 aetatem
1162 1818 1222 1885 de-

96 1924 278 2009 clamando,
300 1926 334 1991 id
357 1935 409 1993 est
438 1925 516 1990 artis
544 1924 725 1991 rhetoricae
754 1926 862 1992 studio
890 1937 1023 2012 operam
1051 1927 1158 2011 dedit,
1182 1938 1224 1995 nt

95 2036 169 2124 ipse
191 2039 237 2103 ait
260 2047 320 2103 sat.
341 2037 360 2100 I
383 2038 523 2103 15-16:
574 2019 575 2022 Ἴ

301 2152 335 2200 Et
352 2167 400 2201 nos
418 2166 481 2217 ergo
498 2165 603 2199 manum
620 2149 721 2200 ferulae
739 2149 919 2212 subduximus,
938 2157 964 2200 et
980 2166 1028 2200 nos

294 2244 449 2295 Consilium
467 2245 584 2294 dedimus
603 2239 705 2306 Sullae,
723 2246 840 2308 privatus
858 2252 887 2294 nt
904 2245 986 2294 altum

300 2333 448 2399 Durabat,

98 2443 204 2530 magis
226 2412 333 2506 tamen
356 2440 454 2504 animi
477 2459 589 2520 causa,
613 2459 708 2521 quam
736 2437 825 2521 qnod
852 2437 984 2502 scholae
1008 2460 1043 2503 se
1065 2446 1121 2502 aut
1143 2439 1222 2508 foro

99 2559 319 2636 praepararet
355 2549 485 2615 Deinde
508 2548 634 2630 aliquot
654 2548 831 2612 versibus
822 2570 856 2611 ιιι
872 2546 1023 2613 Paridem
1035 2549 1222 2618 Domitiani

99 2660 335 2744 pantomimum
356 2657 549 2740 compositis
572 2655 613 2720 ad
641 2655 703 2720 hoo
730 2655 894 2721 scribendi
920 2678 1024 2744 genus
1047 2681 1088 2728 se
1105 2669 1225 2726 contu-

100 2766 155 2851 lit,
176 2766 260 2832 nihil
286 2775 395 2832 tamcn
429 2767 509 2832 satis
537 2765 591 2831 diu
620 2765 788 2852 publicare
816 2789 924 2832 ausus.
965 2768 1223 2855 Posteaquam

100 2877 247 2969 earmina
273 2901 332 2945 sua
364 2898 483 2964 magno
517 2898 671 2944 successu
689 2876 840 2943 ⁴recitare
857 2878 979 2963 (atque
1005 2876 1094 2944 haud
1121 2879 1222 2955 dubie

51 3046 54 3050 .
103 2991 197 3056 edere
220 2988 362 3085 quoque)
391 2989 569 3074 coepisset,
598 3009 711 3053 versus
738 2987 814 3054 illos
836 2987 870 3052 in
893 2989 1063 3074 septimam
1085 2993 1223 3058 satiram

1 3159 5 3164 .
38 3150 43 3158 .
100 3099 260 3182 inseruit,
282 3100 338 3165 ubi
359 3120 446 3165 nunc
467 3099 622 3187 leguntur
643 3099 784 3163 90-93:

257 3210 335 3272 Quod
351 3216 404 3262 rton
421 3214 485 3263 dant
502 3226 637 3276 proceres,
654 3211 726 3261 dabit
744 3212 848 3261 histrio:
867 3220 895 3262 tu
913 3212 1067 3264 Camerinos

253 3304 291 3352 Et
307 3303 430 3367 Baream,
448 3313 477 3355 tu
492 3305 621 3356 nobilium
637 3320 734 3369 magna
751 3306 820 3355 atria
838 3306 933 3356 ouras?

256 3395 412 3448 Praefectos
429 3397 543 3462 Pelopea
560 3399 637 3459 facit,
656 3397 804 3449 Philomela
820 3396 947 3448 tribunos.

106 3506 204 3572 ”Erat
225 3514 304 3570 tunc
325 3504 360 3568 in
382 3502 507 3569 deliciis
529 3506 620 3570 aulae
643 3504 770 3587 histrio,
791 3505 948 3597 multique
965 3484 1137 3574 santorum
1150 3515 1221 3597 ejus

81 3670 82 3680 ,
108 3615 254 3699 quotidie
276 3611 546 3701 provehebantur.
589 3614 693 3682 Venit
713 3637 791 3703 crgo
814 3616 986 3684 ‚Iuvenalis
1008 3619 1041 3683 in
1059 3621 1221 3706 suspicio-

108 3747 182 3791 nem
203 3726 297 3811 qnasi
318 3731 465 3810 tempora
485 3722 589 3810 figura
609 3734 771 3809 notasset,
793 3747 831 3791 ac
853 3729 962 3793 statim
983 3751 1042 3814 per
1062 3729 1221 3798 honorem

106 3834 243 3900 militiae
261 3834 344 3900 urbe
366 3817 545 3901 summotus
566 3843 617 3902 est
636 3836 819 3922 missusque
841 3837 882 3902 ad
908 3835 1145 3921 praefecturam
1166 3865 1221 3908 oo-

107 3930 217 4014 hortis
244 3947 279 4012 in
307 3954 449 4011 extrema
476 3945 622 4031 Aegypti
647 3954 739 4032 parte
771 3947 964 4013 tendentis.”
1007 3945 1094 4015 Nam
1121 3973 1235 4038 quum·

152 4055 222 4129 iore
252 4066 398 4141 tempora
430 4055 595 4122 tribunatu
627 4050 774 4124 semestri
800 4055 938 4124 donatus
965 4057 1007 4125 ad
1027 4060 1221 4150 dignitatem

154 4236 161 4275 ἱ
214 4276 238 4347 ¹)
255 4273 319 4334 Vid·
331 4276 501 4337 ,Slsboldii
517 4295 584 4334 cors.
602 4295 681 4347 gerru.
695 4281 816 4339 asttJur.
826 4282 945 4349 <Lipsiae
963 4286 1037 4349 1858>
1049 4285 1132 4352 praef.
1145 4305 1222 4354 par.
