<?xml version="1.0" encoding="UTF-8"?>
<!DOCTYPE html PUBLIC "-//W3C//DTD XHTML 1.0 Transitional//EN"
    "http://www.w3.org/TR/xhtml1/DTD/xhtml1-transitional.dtd">
<html xmlns="http://www.w3.org/1999/xhtml" xml:lang="en" lang="en">
 <head>
  <title>
</title>
<meta http-equiv="Content-Type" content="text/html;charset=utf-8" />
  <meta name='ocr-system' content='tesseract 3.04.00' />
  <meta name='ocr-capabilities' content='ocr_page ocr_carea ocr_par ocr_line ocrx_word'/>
</head>
<body>
  <div class='ocr_page' id='page_1' title='image "./detemporibusvit00synngoog_0053.png"; bbox 0 0 2722 4658; ppageno 0'>
   <div class='ocr_carea' id='block_1_1' title="bbox 162 160 205 231">
    <p class='ocr_par' dir='ltr' id='par_1_1' title="bbox 162 160 205 231">
     <span class='ocr_line' id='line_1_1' title="bbox 162 160 205 231; baseline 0 -2"><span class='ocrx_word' id='word_1_1' title='bbox 162 160 205 231; x_wconf 56' lang='grc' dir='ltr'>ὓ</span> 
     </span>
    </p>
   </div>
   <div class='ocr_carea' id='block_1_2' title="bbox 86 335 1289 2311">
    <p class='ocr_par' dir='ltr' id='par_1_2' title="bbox 86 335 1289 2311">
     <span class='ocr_line' id='line_1_2' title="bbox 120 335 1254 437; baseline 0 -24"><span class='ocrx_word' id='word_1_2' title='bbox 120 351 195 421; x_wconf 75' lang='lat' dir='ltr'>den</span> <span class='ocrx_word' id='word_1_3' title='bbox 213 369 283 413; x_wconf 81' lang='lat' dir='ltr'>non</span> <span class='ocrx_word' id='word_1_4' title='bbox 303 369 390 437; x_wconf 78' lang='lat' dir='ltr'>nego</span> <span class='ocrx_word' id='word_1_5' title='bbox 416 357 451 415; x_wconf 89' lang='lat' dir='ltr'>et</span> <span class='ocrx_word' id='word_1_6' title='bbox 475 354 665 435; x_wconf 79' lang='lat' dir='ltr'>argumento</span> <span class='ocrx_word' id='word_1_7' title='bbox 690 346 856 413; x_wconf 70' lang='lat' dir='ltr'>illenim</span> <span class='ocrx_word' id='word_1_8' title='bbox 883 346 916 411; x_wconf 84' lang='lat' dir='ltr'>et</span> <span class='ocrx_word' id='word_1_9' title='bbox 945 339 1119 433; x_wconf 78' lang='lat' dir='ltr'>singulari,</span> <span class='ocrx_word' id='word_1_10' title='bbox 1151 335 1254 432; x_wconf 64' lang='lat' dir='ltr'>quod*</span> 
     </span>
     <span class='ocr_line' id='line_1_3' title="bbox 118 457 1247 544; baseline -0.004 -16"><span class='ocrx_word' id='word_1_11' title='bbox 118 462 167 528; x_wconf 90' lang='lat' dir='ltr'>ibi</span> <span class='ocrx_word' id='word_1_12' title='bbox 187 459 396 527; x_wconf 81' lang='lat' dir='ltr'>tractandam</span> <span class='ocrx_word' id='word_1_13' title='bbox 416 458 481 525; x_wconf 88' lang='lat' dir='ltr'>sibi</span> <span class='ocrx_word' id='word_1_14' title='bbox 501 457 675 542; x_wconf 81' lang='lat' dir='ltr'><strong>proposuit</strong></span> <span class='ocrx_word' id='word_1_15' title='bbox 691 463 802 543; x_wconf 89' lang='lat' dir='ltr'>poeta,</span> <span class='ocrx_word' id='word_1_16' title='bbox 825 464 921 539; x_wconf 88' lang='lat' dir='ltr'>atque</span> <span class='ocrx_word' id='word_1_17' title='bbox 937 457 1032 543; x_wconf 89' lang='lat' dir='ltr'>hujus</span> <span class='ocrx_word' id='word_1_18' title='bbox 1050 458 1247 544; x_wconf 79' lang='lat' dir='ltr'>argumenti</span> 
     </span>
     <span class='ocr_line' id='line_1_4' title="bbox 119 562 1250 658; baseline -0.003 -21"><span class='ocrx_word' id='word_1_19' title='bbox 119 570 316 638; x_wconf 72' lang='lat' dir='ltr'>metatore</span> <span class='ocrx_word' id='word_1_20' title='bbox 338 571 467 658; x_wconf 89' lang='lat' dir='ltr'>etipse</span> <span class='ocrx_word' id='word_1_21' title='bbox 493 565 623 632; x_wconf 87' lang='lat' dir='ltr'>dicendi</span> <span class='ocrx_word' id='word_1_22' title='bbox 649 586 766 655; x_wconf 87' lang='lat' dir='ltr'>genere</span> <span class='ocrx_word' id='word_1_23' title='bbox 792 562 911 633; x_wconf 90' lang='lat' dir='ltr'>ceteris</span> <span class='ocrx_word' id='word_1_24' title='bbox 939 565 1019 633; x_wconf 88' lang='lat' dir='ltr'>adeo</span> <span class='ocrx_word' id='word_1_25' title='bbox 1046 567 1250 634; x_wconf 84' lang='lat' dir='ltr'>inferiorem</span> 
     </span>
     <span class='ocr_line' id='line_1_5' title="bbox 119 675 1250 765; baseline -0.003 -19"><span class='ocrx_word' id='word_1_26' title='bbox 119 702 210 765; x_wconf 80' lang='lat' dir='ltr'>assa,</span> <span class='ocrx_word' id='word_1_27' title='bbox 235 691 274 749; x_wconf 89' lang='lat' dir='ltr'>ut</span> <span class='ocrx_word' id='word_1_28' title='bbox 300 691 438 750; x_wconf 85' lang='lat' dir='ltr'>aetatem</span> <span class='ocrx_word' id='word_1_29' title='bbox 463 697 566 763; x_wconf 82' lang='lat' dir='ltr'>paene</span> <span class='ocrx_word' id='word_1_30' title='bbox 600 676 796 762; x_wconf 78' lang='lat' dir='ltr'>decrepitam</span> <span class='ocrx_word' id='word_1_31' title='bbox 828 675 974 764; x_wconf 85' lang='lat' dir='ltr'>redoleat</span> <span class='ocrx_word' id='word_1_32' title='bbox 999 687 1168 763; x_wconf 89' lang='lat' dir='ltr'>poetaque</span> <span class='ocrx_word' id='word_1_33' title='bbox 1198 678 1250 744; x_wconf 91' lang='lat' dir='ltr'>ibi</span> 
     </span>
     <span class='ocr_line' id='line_1_6' title="bbox 119 783 1249 879; baseline -0.003 -20"><span class='ocrx_word' id='word_1_34' title='bbox 119 813 158 859; x_wconf 84' lang='lat' dir='ltr'>se</span> <span class='ocrx_word' id='word_1_35' title='bbox 189 793 332 879; x_wconf 88' lang='lat' dir='ltr'>quodam</span> <span class='ocrx_word' id='word_1_36' title='bbox 362 787 459 856; x_wconf 91' lang='lat' dir='ltr'>modo</span> <span class='ocrx_word' id='word_1_37' title='bbox 491 783 600 853; x_wconf 86' lang='lat' dir='ltr'>denuo</span> <span class='ocrx_word' id='word_1_38' title='bbox 639 802 772 874; x_wconf 85' lang='lat' dir='ltr'>puerum</span> <span class='ocrx_word' id='word_1_39' title='bbox 804 785 926 850; x_wconf 88' lang='lat' dir='ltr'>factum</span> <span class='ocrx_word' id='word_1_40' title='bbox 961 809 1034 854; x_wconf 88' lang='lat' dir='ltr'>esse</span> <span class='ocrx_word' id='word_1_41' title='bbox 1066 788 1249 876; x_wconf 83' lang='lat' dir='ltr'>ostendat,</span> 
     </span>
     <span class='ocr_line' id='line_1_7' title="bbox 118 894 1250 991; baseline 0.003 -26"><span class='ocrx_word' id='word_1_42' title='bbox 118 904 244 991; x_wconf 84' lang='lat' dir='ltr'>quippe</span> <span class='ocrx_word' id='word_1_43' title='bbox 264 903 308 969; x_wconf 80' lang='lat' dir='ltr'>ad</span> <span class='ocrx_word' id='word_1_44' title='bbox 321 902 391 985; x_wconf 84' lang='lat' dir='ltr'>ejus</span> <span class='ocrx_word' id='word_1_45' title='bbox 414 896 572 978; x_wconf 86' lang='lat' dir='ltr'>temporis</span> <span class='ocrx_word' id='word_1_46' title='bbox 591 897 698 964; x_wconf 88' lang='lat' dir='ltr'>studia</span> <span class='ocrx_word' id='word_1_47' title='bbox 713 915 894 980; x_wconf 85' lang='lat' dir='ltr'>reversum,</span> <span class='ocrx_word' id='word_1_48' title='bbox 912 918 1011 980; x_wconf 91' lang='lat' dir='ltr'>quum</span> <span class='ocrx_word' id='word_1_49' title='bbox 1029 894 1107 964; x_wconf 92' lang='lat' dir='ltr'>olim</span> <span class='ocrx_word' id='word_1_50' title='bbox 1126 898 1250 969; x_wconf 84' lang='lat' dir='ltr'>Sullae·</span> 
     </span>
     <span class='ocr_line' id='line_1_8' title="bbox 120 1004 1247 1097; baseline 0.001 -20"><span class='ocrx_word' id='word_1_51' title='bbox 120 1013 295 1083; x_wconf 84' lang='lat' dir='ltr'>eonsilium</span> <span class='ocrx_word' id='word_1_52' title='bbox 315 1008 415 1072; x_wconf 89' lang='lat' dir='ltr'>altum</span> <span class='ocrx_word' id='word_1_53' title='bbox 436 1004 622 1072; x_wconf 88' lang='lat' dir='ltr'>dormiendi</span> <span class='ocrx_word' id='word_1_54' title='bbox 644 1005 743 1071; x_wconf 89' lang='lat' dir='ltr'>dedit.</span> <span class='ocrx_word' id='word_1_55' title='bbox 786 1004 903 1090; x_wconf 85' lang='lat' dir='ltr'>Neque</span> <span class='ocrx_word' id='word_1_56' title='bbox 925 1007 960 1072; x_wconf 93' lang='lat' dir='ltr'>id</span> <span class='ocrx_word' id='word_1_57' title='bbox 976 1017 1097 1094; x_wconf 87' lang='lat' dir='ltr'>negant</span> <span class='ocrx_word' id='word_1_58' title='bbox 1119 1009 1164 1093; x_wconf 87' lang='lat' dir='ltr'>ii,</span> <span class='ocrx_word' id='word_1_59' title='bbox 1190 1014 1247 1097; x_wconf 80' lang='lat' dir='ltr'>qui</span> 
     </span>
     <span class='ocr_line' id='line_1_9' title="bbox 120 1111 1247 1202; baseline -0.001 -13"><span class='ocrx_word' id='word_1_60' title='bbox 120 1146 194 1189; x_wconf 86' lang='lat' dir='ltr'>eam</span> <span class='ocrx_word' id='word_1_61' title='bbox 221 1114 435 1185; x_wconf 75' lang='lat' dir='ltr'>defenderunt</span> <span class='ocrx_word' id='word_1_62' title='bbox 460 1116 543 1202; x_wconf 85' lang='lat' dir='ltr'>(vid.</span> <span class='ocrx_word' id='word_1_63' title='bbox 568 1111 607 1182; x_wconf 84' lang='lat' dir='ltr'>C.</span> <span class='ocrx_word' id='word_1_64' title='bbox 628 1112 685 1180; x_wconf 78' lang='lat' dir='ltr'>Fr.</span> <span class='ocrx_word' id='word_1_65' title='bbox 707 1114 914 1182; x_wconf 87' lang='lat' dir='ltr'>Hermannus</span> <span class='ocrx_word' id='word_1_66' title='bbox 942 1118 977 1182; x_wconf 91' lang='lat' dir='ltr'>in</span> <span class='ocrx_word' id='word_1_67' title='bbox 1003 1117 1169 1201; x_wconf 80' lang='lat' dir='ltr'>Zeitsehr.</span> <span class='ocrx_word' id='word_1_68' title='bbox 1194 1121 1247 1188; x_wconf 78' lang='lat' dir='ltr'>firr</span> 
     </span>
     <span class='ocr_line' id='line_1_10' title="bbox 114 1225 1289 1323; baseline 0.003 -28"><span class='ocrx_word' id='word_1_69' title='bbox 114 1225 514 1298; x_wconf 82' lang='lat' dir='ltr'>Altcrthumswissensch.</span> <span class='ocrx_word' id='word_1_70' title='bbox 539 1225 622 1289; x_wconf 77' lang='lat'>1844</span> <span class='ocrx_word' id='word_1_71' title='bbox 643 1250 675 1313; x_wconf 91' lang='lat' dir='ltr'>p.</span> <span class='ocrx_word' id='word_1_72' title='bbox 703 1227 741 1289; x_wconf 88' lang='lat'>61</span> <span class='ocrx_word' id='word_1_73' title='bbox 773 1250 821 1312; x_wconf 88' lang='lat' dir='ltr'>sq.</span> <span class='ocrx_word' id='word_1_74' title='bbox 836 1226 872 1314; x_wconf 86' lang='lat'>¹).</span> <span class='ocrx_word' id='word_1_75' title='bbox 921 1228 976 1292; x_wconf 91' lang='lat' dir='ltr'>Ac</span> <span class='ocrx_word' id='word_1_76' title='bbox 1007 1237 1118 1293; x_wconf 89' lang='lat' dir='ltr'>tamen</span> <span class='ocrx_word' id='word_1_77' title='bbox 1154 1231 1247 1298; x_wconf 89' lang='lat' dir='ltr'>nulla</span> <span class='ocrx_word' id='word_1_78' title='bbox 1288 1316 1289 1323; x_wconf 6' lang='grc' dir='ltr'>ἵ</span> 
     </span>
     <span class='ocr_line' id='line_1_11' title="bbox 119 1336 1289 1433; baseline 0.005 -28"><span class='ocrx_word' id='word_1_79' title='bbox 119 1361 218 1405; x_wconf 86' lang='lat' dir='ltr'>causa</span> <span class='ocrx_word' id='word_1_80' title='bbox 239 1345 306 1419; x_wconf 90' lang='lat' dir='ltr'>est,</span> <span class='ocrx_word' id='word_1_81' title='bbox 328 1359 386 1403; x_wconf 92' lang='lat' dir='ltr'>cur</span> <span class='ocrx_word' id='word_1_82' title='bbox 407 1337 492 1401; x_wconf 89' lang='lat' dir='ltr'>hanc</span> <span class='ocrx_word' id='word_1_83' title='bbox 515 1336 663 1423; x_wconf 86' lang='lat' dir='ltr'>satiram,</span> <span class='ocrx_word' id='word_1_84' title='bbox 687 1337 848 1422; x_wconf 85' lang='lat' dir='ltr'>siquidem</span> <span class='ocrx_word' id='word_1_85' title='bbox 870 1338 1015 1433; x_wconf 85' lang='lat' dir='ltr'>externis</span> <span class='ocrx_word' id='word_1_86' title='bbox 1038 1345 1245 1426; x_wconf 80' lang='lat' dir='ltr'>argumentis</span> <span class='ocrx_word' id='word_1_87' title='bbox 1288 1343 1289 1351; x_wconf 62' lang='lat'><em>&#39;</em></span> 
     </span>
     <span class='ocr_line' id='line_1_12' title="bbox 116 1445 1245 1536; baseline 0.004 -21"><span class='ocrx_word' id='word_1_88' title='bbox 116 1452 184 1535; x_wconf 87' lang='lat' dir='ltr'>jam</span> <span class='ocrx_word' id='word_1_89' title='bbox 215 1449 349 1515; x_wconf 93' lang='lat' dir='ltr'>omnino</span> <span class='ocrx_word' id='word_1_90' title='bbox 382 1445 531 1512; x_wconf 85' lang='lat' dir='ltr'>destituti</span> <span class='ocrx_word' id='word_1_91' title='bbox 565 1471 676 1514; x_wconf 88' lang='lat' dir='ltr'>sumus</span> <span class='ocrx_word' id='word_1_92' title='bbox 703 1448 801 1534; x_wconf 91' lang='lat' dir='ltr'>(nihil</span> <span class='ocrx_word' id='word_1_93' title='bbox 833 1449 919 1514; x_wconf 90' lang='lat' dir='ltr'>enim</span> <span class='ocrx_word' id='word_1_94' title='bbox 951 1449 1110 1536; x_wconf 91' lang='lat' dir='ltr'>ponderis</span> <span class='ocrx_word' id='word_1_95' title='bbox 1146 1451 1245 1522; x_wconf 84' lang='lat' dir='ltr'>habet</span> 
     </span>
     <span class='ocr_line' id='line_1_13' title="bbox 117 1556 1240 1647; baseline 0.004 -22"><span class='ocrx_word' id='word_1_96' title='bbox 117 1558 207 1646; x_wconf 86' lang='lat' dir='ltr'>quod</span> <span class='ocrx_word' id='word_1_97' title='bbox 228 1559 264 1625; x_wconf 92' lang='lat' dir='ltr'>in</span> <span class='ocrx_word' id='word_1_98' title='bbox 284 1556 451 1625; x_wconf 86' lang='lat' dir='ltr'>nonnullis</span> <span class='ocrx_word' id='word_1_99' title='bbox 473 1559 642 1626; x_wconf 81' lang='lat' dir='ltr'>codicibus</span> <span class='ocrx_word' id='word_1_100' title='bbox 664 1568 742 1647; x_wconf 89' lang='lat' dir='ltr'>post</span> <span class='ocrx_word' id='word_1_101' title='bbox 761 1557 852 1642; x_wconf 73' lang='lat' dir='ltr'>xvi</span> <span class='ocrx_word' id='word_1_102' title='bbox 872 1558 981 1644; x_wconf 89' lang='lat' dir='ltr'>posita</span> <span class='ocrx_word' id='word_1_103' title='bbox 1007 1559 1191 1647; x_wconf 88' lang='lat' dir='ltr'>invenitur,</span> <span class='ocrx_word' id='word_1_104' title='bbox 1211 1589 1240 1629; x_wconf 85' lang='lat' dir='ltr'>v.</span> 
     </span>
     <span class='ocr_line' id='line_1_14' title="bbox 86 1661 1238 1758; baseline 0.003 -22"><span class='ocrx_word' id='word_1_105' title='bbox 86 1661 89 1667; x_wconf 70' lang='grc'><strong>’</strong></span> <span class='ocrx_word' id='word_1_106' title='bbox 118 1669 252 1757; x_wconf 86' lang='lat' dir='ltr'>Kempf.</span> <span class='ocrx_word' id='word_1_107' title='bbox 274 1670 301 1736; x_wconf 93' lang='lat' dir='ltr'>l.·</span> <span class='ocrx_word' id='word_1_108' title='bbox 321 1689 348 1732; x_wconf 87' lang='lat' dir='ltr'>o.</span> <span class='ocrx_word' id='word_1_109' title='bbox 371 1691 403 1752; x_wconf 91' lang='lat' dir='ltr'>p.</span> <span class='ocrx_word' id='word_1_110' title='bbox 426 1670 492 1757; x_wconf 82' lang='lat'>61),</span> <span class='ocrx_word' id='word_1_111' title='bbox 519 1668 674 1735; x_wconf 68' lang='lat' dir='ltr'>iuvenali</span> <span class='ocrx_word' id='word_1_112' title='bbox 699 1670 932 1758; x_wconf 82' lang='lat' dir='ltr'>abjudicemus.</span> <span class='ocrx_word' id='word_1_113' title='bbox 979 1669 1149 1754; x_wconf 85' lang='lat' dir='ltr'>Equidem</span> <span class='ocrx_word' id='word_1_114' title='bbox 1172 1682 1238 1740; x_wconf 89' lang='lat' dir='ltr'>tan-</span> 
     </span>
     <span class='ocr_line' id='line_1_15' title="bbox 119 1780 1238 1862; baseline 0.003 -14"><span class='ocrx_word' id='word_1_115' title='bbox 119 1792 189 1848; x_wconf 89' lang='lat' dir='ltr'>tum</span> <span class='ocrx_word' id='word_1_116' title='bbox 207 1781 256 1849; x_wconf 48' lang='lat' dir='ltr'>¹ab</span> <span class='ocrx_word' id='word_1_117' title='bbox 282 1780 347 1845; x_wconf 87' lang='lat' dir='ltr'>ista</span> <span class='ocrx_word' id='word_1_118' title='bbox 374 1781 536 1846; x_wconf 88' lang='lat' dir='ltr'>sententia</span> <span class='ocrx_word' id='word_1_119' title='bbox 569 1781 698 1862; x_wconf 90' lang='lat' dir='ltr'>absum,</span> <span class='ocrx_word' id='word_1_120' title='bbox 729 1788 768 1844; x_wconf 89' lang='lat' dir='ltr'>ut</span> <span class='ocrx_word' id='word_1_121' title='bbox 793 1801 859 1845; x_wconf 92' lang='lat' dir='ltr'>non</span> <span class='ocrx_word' id='word_1_122' title='bbox 886 1780 984 1846; x_wconf 91' lang='lat' dir='ltr'>modo</span> <span class='ocrx_word' id='word_1_123' title='bbox 1012 1804 1079 1846; x_wconf 92' lang='lat' dir='ltr'>non</span> <span class='ocrx_word' id='word_1_124' title='bbox 1103 1783 1238 1851; x_wconf 84' lang='lat' dir='ltr'>arbitrer</span> 
     </span>
     <span class='ocr_line' id='line_1_16' title="bbox 113 1888 1245 1981; baseline 0.005 -26"><span class='ocrx_word' id='word_1_125' title='bbox 113 1890 295 1976; x_wconf 84' lang='lat' dir='ltr'>quidquam</span> <span class='ocrx_word' id='word_1_126' title='bbox 316 1911 335 1954; x_wconf 92' lang='lat' dir='ltr'>e</span> <span class='ocrx_word' id='word_1_127' title='bbox 357 1890 471 1975; x_wconf 91' lang='lat' dir='ltr'>quinta</span> <span class='ocrx_word' id='word_1_128' title='bbox 492 1889 618 1953; x_wconf 89' lang='lat' dir='ltr'>decima</span> <span class='ocrx_word' id='word_1_129' title='bbox 640 1888 739 1953; x_wconf 85' lang='lat' dir='ltr'>satira</span> <span class='ocrx_word' id='word_1_130' title='bbox 761 1888 802 1952; x_wconf 90' lang='lat' dir='ltr'>ad</span> <span class='ocrx_word' id='word_1_131' title='bbox 818 1888 915 1954; x_wconf 90' lang='lat' dir='ltr'>fidem</span> <span class='ocrx_word' id='word_1_132' title='bbox 931 1889 1021 1955; x_wconf 84' lang='lat' dir='ltr'>exilii</span> <span class='ocrx_word' id='word_1_133' title='bbox 1038 1890 1245 1981; x_wconf 78' lang='lat' dir='ltr'>Aegyptiaci</span> 
     </span>
     <span class='ocr_line' id='line_1_17' title="bbox 115 1991 1248 2092; baseline 0.003 -25"><span class='ocrx_word' id='word_1_134' title='bbox 115 1991 310 2090; x_wconf 68' lang='lat' dir='ltr'>clarandam</span> <span class='ocrx_word' id='word_1_135' title='bbox 325 2009 414 2066; x_wconf 88' lang='lat' dir='ltr'>recte</span> <span class='ocrx_word' id='word_1_136' title='bbox 438 1999 521 2066; x_wconf 89' lang='lat' dir='ltr'>sumi</span> <span class='ocrx_word' id='word_1_137' title='bbox 538 2021 653 2084; x_wconf 91' lang='lat' dir='ltr'>posse,</span> <span class='ocrx_word' id='word_1_138' title='bbox 676 1997 735 2064; x_wconf 92' lang='lat' dir='ltr'>sed</span> <span class='ocrx_word' id='word_1_139' title='bbox 761 1999 824 2063; x_wconf 90' lang='lat' dir='ltr'>hoc</span> <span class='ocrx_word' id='word_1_140' title='bbox 846 1999 955 2084; x_wconf 89' lang='lat' dir='ltr'>ipsum</span> <span class='ocrx_word' id='word_1_141' title='bbox 976 2001 1128 2086; x_wconf 85' lang='lat' dir='ltr'>exilium,</span> <span class='ocrx_word' id='word_1_142' title='bbox 1159 2005 1248 2092; x_wconf 89' lang='lat' dir='ltr'>quod</span> 
     </span>
     <span class='ocr_line' id='line_1_18' title="bbox 117 2084 1249 2200; baseline 0.004 -23"><span class='ocrx_word' id='word_1_143' title='bbox 117 2112 326 2200; x_wconf 83' lang='lat' dir='ltr'>impugnant,</span> <span class='ocrx_word' id='word_1_144' title='bbox 349 2111 402 2178; x_wconf 88' lang='lat' dir='ltr'>vel</span> <span class='ocrx_word' id='word_1_145' title='bbox 423 2111 562 2175; x_wconf 87' lang='lat' dir='ltr'>maxime</span> <span class='ocrx_word' id='word_1_146' title='bbox 583 2109 659 2174; x_wconf 92' lang='lat' dir='ltr'>inde</span> <span class='ocrx_word' id='word_1_147' title='bbox 681 2084 867 2175; x_wconf 74' lang='lat' dir='ltr'>confirmari</span> <span class='ocrx_word' id='word_1_148' title='bbox 888 2085 1009 2196; x_wconf 83' lang='lat' dir='ltr'>pulem.</span> <span class='ocrx_word' id='word_1_149' title='bbox 1041 2111 1133 2179; x_wconf 86' lang='lat' dir='ltr'>Nam</span> <span class='ocrx_word' id='word_1_150' title='bbox 1157 2119 1249 2200; x_wconf 87' lang='lat' dir='ltr'>quod</span> 
     </span>
     <span class='ocr_line' id='line_1_19' title="bbox 117 2220 1250 2311; baseline 0.006 -25"><span class='ocrx_word' id='word_1_151' title='bbox 117 2222 310 2310; x_wconf 78' lang='lat' dir='ltr'>Aegyptus,</span> <span class='ocrx_word' id='word_1_152' title='bbox 345 2229 381 2286; x_wconf 89' lang='lat' dir='ltr'>ut</span> <span class='ocrx_word' id='word_1_153' title='bbox 412 2220 454 2286; x_wconf 89' lang='lat' dir='ltr'>ad</span> <span class='ocrx_word' id='word_1_154' title='bbox 485 2220 626 2291; x_wconf 86' lang='lat' dir='ltr'>vitarum</span> <span class='ocrx_word' id='word_1_155' title='bbox 658 2220 845 2285; x_wconf 87' lang='lat' dir='ltr'>testimonia</span> <span class='ocrx_word' id='word_1_156' title='bbox 876 2241 964 2286; x_wconf 90' lang='lat' dir='ltr'>nunc</span> <span class='ocrx_word' id='word_1_157' title='bbox 995 2221 1192 2311; x_wconf 86' lang='lat' dir='ltr'>redeamus,</span> <span class='ocrx_word' id='word_1_158' title='bbox 1215 2228 1250 2299; x_wconf 89' lang='lat' dir='ltr'>in</span> 
     </span>
    </p>
   </div>
   <div class='ocr_carea' id='block_1_3' title="bbox 118 2429 1282 3355">
    <p class='ocr_par' dir='ltr' id='par_1_3' title="bbox 118 2429 1282 3355">
     <span class='ocr_line' id='line_1_20' title="bbox 119 2429 1250 2513; baseline 0.006 -15"><span class='ocrx_word' id='word_1_159' title='bbox 119 2451 234 2500; x_wconf 84' lang='lat' dir='ltr'>maxime</span> <span class='ocrx_word' id='word_1_160' title='bbox 251 2429 391 2513; x_wconf 82' lang='lat' dir='ltr'>placuerit,</span> <span class='ocrx_word' id='word_1_161' title='bbox 417 2447 491 2496; x_wconf 91' lang='lat' dir='ltr'>illum</span> <span class='ocrx_word' id='word_1_162' title='bbox 516 2461 618 2511; x_wconf 89' lang='lat' dir='ltr'>quoque</span> <span class='ocrx_word' id='word_1_163' title='bbox 645 2447 780 2509; x_wconf 85' lang='lat' dir='ltr'>scripsisse</span> <span class='ocrx_word' id='word_1_164' title='bbox 804 2444 952 2497; x_wconf 83' lang='lat' dir='ltr'>censeant.&#39;’</span> <span class='ocrx_word' id='word_1_165' title='bbox 992 2445 1167 2513; x_wconf 85' lang='lat' dir='ltr'>Quantopere</span> <span class='ocrx_word' id='word_1_166' title='bbox 1184 2466 1250 2507; x_wconf 75' lang='lat' dir='ltr'>‘mos</span> 
     </span>
     <span class='ocr_line' id='line_1_21' title="bbox 118 2540 1250 2608; baseline 0.008 -18"><span class='ocrx_word' id='word_1_167' title='bbox 118 2545 218 2608; x_wconf 87' lang='lat' dir='ltr'>scripta</span> <span class='ocrx_word' id='word_1_168' title='bbox 235 2552 350 2592; x_wconf 81' lang='lat' dir='ltr'>veterum</span> <span class='ocrx_word' id='word_1_169' title='bbox 368 2547 503 2604; x_wconf 89' lang='lat' dir='ltr'>poetarum</span> <span class='ocrx_word' id='word_1_170' title='bbox 522 2555 554 2587; x_wconf 87' lang='lat' dir='ltr'>ex</span> <span class='ocrx_word' id='word_1_171' title='bbox 576 2540 683 2604; x_wconf 88' lang='lat' dir='ltr'>ingenio</span> <span class='ocrx_word' id='word_1_172' title='bbox 700 2541 837 2590; x_wconf 86' lang='lat' dir='ltr'>resecandi</span> <span class='ocrx_word' id='word_1_173' title='bbox 856 2540 1059 2606; x_wconf 87' lang='lat' dir='ltr'>amputandique</span> <span class='ocrx_word' id='word_1_174' title='bbox 1080 2551 1146 2606; x_wconf 91' lang='lat' dir='ltr'>post</span> <span class='ocrx_word' id='word_1_175' title='bbox 1171 2548 1250 2599; x_wconf 78' lang='lat' dir='ltr'>Hoff-</span> 
     </span>
     <span class='ocr_line' id='line_1_22' title="bbox 119 2632 1250 2709; baseline 0.011 -28"><span class='ocrx_word' id='word_1_176' title='bbox 119 2633 401 2696; x_wconf 85' lang='lat' dir='ltr'>man·Perlkampium,</span> <span class='ocrx_word' id='word_1_177' title='bbox 425 2635 498 2696; x_wconf 88' lang='lat' dir='ltr'>cujus</span> <span class='ocrx_word' id='word_1_178' title='bbox 520 2633 620 2695; x_wconf 82' lang='lat' dir='ltr'>egregii</span> <span class='ocrx_word' id='word_1_179' title='bbox 644 2632 749 2696; x_wconf 89' lang='lat' dir='ltr'>quidem</span> <span class='ocrx_word' id='word_1_180' title='bbox 771 2634 821 2683; x_wconf 82' lang='lat' dir='ltr'>viri</span> <span class='ocrx_word' id='word_1_181' title='bbox 844 2633 942 2709; x_wconf 82' lang='lat' dir='ltr'>obitum</span> <span class='ocrx_word' id='word_1_182' title='bbox 961 2635 1094 2698; x_wconf 88' lang='lat' dir='ltr'>superiore</span> <span class='ocrx_word' id='word_1_183' title='bbox 1114 2651 1191 2690; x_wconf 88' lang='lat' dir='ltr'>anno</span> <span class='ocrx_word' id='word_1_184' title='bbox 1210 2643 1250 2692; x_wconf 91' lang='lat' dir='ltr'>lu-</span> 
     </span>
     <span class='ocr_line' id='line_1_23' title="bbox 121 2725 1249 2796; baseline 0.007 -20"><span class='ocrx_word' id='word_1_185' title='bbox 121 2726 219 2792; x_wconf 88' lang='lat' dir='ltr'>gebant</span> <span class='ocrx_word' id='word_1_186' title='bbox 237 2727 377 2792; x_wconf 87' lang='lat' dir='ltr'>philologi,</span> <span class='ocrx_word' id='word_1_187' title='bbox 400 2725 562 2774; x_wconf 86' lang='lat' dir='ltr'>invalescere</span> <span class='ocrx_word' id='word_1_188' title='bbox 589 2726 716 2789; x_wconf 89' lang='lat' dir='ltr'>coeperit,</span> <span class='ocrx_word' id='word_1_189' title='bbox 740 2728 804 2776; x_wconf 91' lang='lat' dir='ltr'>satis</span> <span class='ocrx_word' id='word_1_190' title='bbox 825 2740 964 2791; x_wconf 87' lang='lat' dir='ltr'>superque,</span> <span class='ocrx_word' id='word_1_191' title='bbox 983 2734 1012 2777; x_wconf 89' lang='lat' dir='ltr'>ut</span> <span class='ocrx_word' id='word_1_192' title='bbox 1029 2727 1084 2777; x_wconf 88' lang='lat' dir='ltr'>alia</span> <span class='ocrx_word' id='word_1_193' title='bbox 1101 2729 1249 2796; x_wconf 83' lang='lat' dir='ltr'>reticeam,</span> 
     </span>
     <span class='ocr_line' id='line_1_24' title="bbox 120 2802 1248 2895; baseline 0.007 -25"><span class='ocrx_word' id='word_1_194' title='bbox 120 2822 236 2871; x_wconf 81' lang='lat' dir='ltr'>ostendit</span> <span class='ocrx_word' id='word_1_195' title='bbox 257 2819 325 2869; x_wconf 90' lang='lat' dir='ltr'>liber</span> <span class='ocrx_word' id='word_1_196' title='bbox 342 2819 374 2870; x_wconf 80' lang='grc' dir='ltr'>Ο.</span> <span class='ocrx_word' id='word_1_197' title='bbox 393 2818 510 2882; x_wconf 88' lang='lat' dir='ltr'>Gruppei</span> <span class='ocrx_word' id='word_1_198' title='bbox 527 2815 648 2868; x_wconf 88' lang='lat' dir='ltr'>’&#39;Minos&#39;&#39;</span> <span class='ocrx_word' id='word_1_199' title='bbox 665 2819 806 2882; x_wconf 86' lang='lat' dir='ltr'>inscriptus</span> <span class='ocrx_word' id='word_1_200' title='bbox 824 2802 905 2882; x_wconf 78' lang='lat' dir='ltr'>(Lips.</span> <span class='ocrx_word' id='word_1_201' title='bbox 924 2820 1009 2882; x_wconf 77' lang='lat'>1859),</span> <span class='ocrx_word' id='word_1_202' title='bbox 1029 2821 1102 2872; x_wconf 89' lang='lat' dir='ltr'>lectu</span> <span class='ocrx_word' id='word_1_203' title='bbox 1120 2839 1190 2877; x_wconf 86' lang='lat' dir='ltr'>saue</span> <span class='ocrx_word' id='word_1_204' title='bbox 1207 2831 1248 2895; x_wconf 84' lang='lat' dir='ltr'>jn·</span> 
     </span>
     <span class='ocr_line' id='line_1_25' title="bbox 121 2911 1248 2979; baseline -0.002 -13"><span class='ocrx_word' id='word_1_205' title='bbox 121 2917 305 2975; x_wconf 83' lang='lat' dir='ltr'>candissimus‚</span> <span class='ocrx_word' id='word_1_206' title='bbox 325 2917 384 2974; x_wconf 90' lang='lat' dir='ltr'>sed,</span> <span class='ocrx_word' id='word_1_207' title='bbox 406 2914 430 2962; x_wconf 88' lang='lat' dir='ltr'>si</span> <span class='ocrx_word' id='word_1_208' title='bbox 452 2913 514 2979; x_wconf 89' lang='lat' dir='ltr'>quid</span> <span class='ocrx_word' id='word_1_209' title='bbox 530 2913 629 2977; x_wconf 87' lang='lat' dir='ltr'>judico,</span> <span class='ocrx_word' id='word_1_210' title='bbox 647 2926 730 2975; x_wconf 89' lang='lat' dir='ltr'>paene</span> <span class='ocrx_word' id='word_1_211' title='bbox 748 2911 832 2975; x_wconf 80' lang='lat' dir='ltr'>frugis</span> <span class='ocrx_word' id='word_1_212' title='bbox 854 2927 953 2976; x_wconf 87' lang='lat' dir='ltr'>expers.</span> <span class='ocrx_word' id='word_1_213' title='bbox 990 2912 1075 2974; x_wconf 85' lang='lat' dir='ltr'>Quam</span> <span class='ocrx_word' id='word_1_214' title='bbox 1093 2920 1248 2970; x_wconf 79' lang='lat' dir='ltr'>studiorum</span> 
     </span>
     <span class='ocr_line' id='line_1_26' title="bbox 120 2990 1282 3077; baseline 0.003 -16"><span class='ocrx_word' id='word_1_215' title='bbox 120 3013 250 3063; x_wconf 87' lang='lat' dir='ltr'>rationem</span> <span class='ocrx_word' id='word_1_216' title='bbox 272 3008 316 3058; x_wconf 90' lang='lat' dir='ltr'>ille</span> <span class='ocrx_word' id='word_1_217' title='bbox 340 3007 444 3071; x_wconf 82' lang='lat' dir='ltr'>quidam</span> <span class='ocrx_word' id='word_1_218' title='bbox 466 3007 549 3074; x_wconf 84' lang='lat' dir='ltr'>aetati</span> <span class='ocrx_word' id='word_1_219' title='bbox 565 3013 670 3054; x_wconf 87' lang='lat' dir='ltr'>nostrae</span> <span class='ocrx_word' id='word_1_220' title='bbox 688 3007 827 3068; x_wconf 86' lang='lat' dir='ltr'>praecipue</span> <span class='ocrx_word' id='word_1_221' title='bbox 845 3007 1005 3069; x_wconf 88' lang='lat' dir='ltr'>propositam</span> <span class='ocrx_word' id='word_1_222' title='bbox 1023 3023 1080 3058; x_wconf 90' lang='lat' dir='ltr'>esse</span> <span class='ocrx_word' id='word_1_223' title='bbox 1099 2990 1198 3064; x_wconf 75' lang='lat' dir='ltr'>censet</span> <span class='ocrx_word' id='word_1_224' title='bbox 1212 3020 1247 3077; x_wconf 86' lang='lat' dir='ltr'>(v.</span> <span class='ocrx_word' id='word_1_225' title='bbox 1278 3008 1282 3020; x_wconf 61' lang='lat'><strong>¹</strong></span> 
     </span>
     <span class='ocr_line' id='line_1_27' title="bbox 120 3097 1247 3170; baseline 0.002 -16"><span class='ocrx_word' id='word_1_226' title='bbox 120 3106 203 3170; x_wconf 87' lang='lat' dir='ltr'>praef.</span> <span class='ocrx_word' id='word_1_227' title='bbox 221 3103 297 3164; x_wconf 80' lang='lat' dir='ltr'>init).</span> <span class='ocrx_word' id='word_1_228' title='bbox 332 3099 425 3149; x_wconf 90' lang='lat' dir='ltr'>Nonne</span> <span class='ocrx_word' id='word_1_229' title='bbox 443 3099 525 3163; x_wconf 85' lang='lat' dir='ltr'>igitur</span> <span class='ocrx_word' id='word_1_230' title='bbox 543 3098 684 3165; x_wconf 90' lang='lat' dir='ltr'>aliquando</span> <span class='ocrx_word' id='word_1_231' title='bbox 701 3097 787 3146; x_wconf 81' lang='lat' dir='ltr'>veniet</span> <span class='ocrx_word' id='word_1_232' title='bbox 804 3105 916 3162; x_wconf 86' lang='lat' dir='ltr'>tempus,</span> <span class='ocrx_word' id='word_1_233' title='bbox 941 3116 1019 3164; x_wconf 91' lang='lat' dir='ltr'>quum</span> <span class='ocrx_word' id='word_1_234' title='bbox 1036 3101 1160 3156; x_wconf 83' lang='lat' dir='ltr'>homines</span> <span class='ocrx_word' id='word_1_235' title='bbox 1183 3114 1247 3158; x_wconf 84' lang='lat' dir='ltr'>tunc</span> 
     </span>
     <span class='ocr_line' id='line_1_28' title="bbox 118 3189 1246 3267; baseline 0.004 -21"><span class='ocrx_word' id='word_1_236' title='bbox 118 3199 235 3246; x_wconf 84' lang='lat' dir='ltr'>viventes</span> <span class='ocrx_word' id='word_1_237' title='bbox 252 3209 304 3243; x_wconf 88' lang='lat' dir='ltr'>non</span> <span class='ocrx_word' id='word_1_238' title='bbox 321 3193 400 3242; x_wconf 92' lang='lat' dir='ltr'>modo</span> <span class='ocrx_word' id='word_1_239' title='bbox 424 3200 541 3242; x_wconf 83' lang='lat' dir='ltr'>nostrum</span> <span class='ocrx_word' id='word_1_240' title='bbox 560 3190 715 3254; x_wconf 86' lang='lat' dir='ltr'>Virgilium,</span> <span class='ocrx_word' id='word_1_241' title='bbox 737 3189 889 3252; x_wconf 88' lang='lat' dir='ltr'>Horatium,</span> <span class='ocrx_word' id='word_1_242' title='bbox 910 3192 1065 3242; x_wconf 72' lang='lat' dir='ltr'>iuvenalem</span> <span class='ocrx_word' id='word_1_243' title='bbox 1085 3196 1141 3246; x_wconf 86' lang='lat' dir='ltr'>non</span> <span class='ocrx_word' id='word_1_244' title='bbox 1161 3214 1246 3267; x_wconf 82' lang='lat' dir='ltr'>agno·</span> 
     </span>
     <span class='ocr_line' id='line_1_29' title="bbox 120 3284 1068 3355; baseline -0.003 -14"><span class='ocrx_word' id='word_1_245' title='bbox 120 3297 205 3350; x_wconf 85' lang='lat' dir='ltr'>scant,</span> <span class='ocrx_word' id='word_1_246' title='bbox 224 3289 270 3338; x_wconf 89' lang='lat' dir='ltr'>sed</span> <span class='ocrx_word' id='word_1_247' title='bbox 289 3285 455 3355; x_wconf 25' lang='lat' dir='ltr'>nelmembra</span> <span class='ocrx_word' id='word_1_248' title='bbox 473 3286 576 3350; x_wconf 88' lang='lat' dir='ltr'>quidem</span> <span class='ocrx_word' id='word_1_249' title='bbox 595 3299 682 3333; x_wconf 89' lang='lat' dir='ltr'>eorum</span> <span class='ocrx_word' id='word_1_250' title='bbox 700 3286 795 3335; x_wconf 88' lang='lat' dir='ltr'>misere</span> <span class='ocrx_word' id='word_1_251' title='bbox 811 3284 921 3350; x_wconf 87' lang='lat' dir='ltr'>disjecta</span> <span class='ocrx_word' id='word_1_252' title='bbox 937 3287 1068 3346; x_wconf 77' lang='lat' dir='ltr'>habeant?</span> 
     </span>
    </p>
   </div>
   <div class='ocr_carea' id='block_1_4' title="bbox 118 3396 1257 4306">
    <p class='ocr_par' dir='ltr' id='par_1_4' title="bbox 118 3396 1257 4306">
     <span class='ocr_line' id='line_1_30' title="bbox 222 3396 1245 3461; baseline 0.007 -13"><span class='ocrx_word' id='word_1_253' title='bbox 222 3401 244 3461; x_wconf 80' lang='lat'>²)</span> <span class='ocrx_word' id='word_1_254' title='bbox 264 3397 411 3448; x_wconf 89' lang='lat' dir='ltr'>Orellius</span> <span class='ocrx_word' id='word_1_255' title='bbox 431 3404 507 3461; x_wconf 89' lang='lat' dir='ltr'>atque</span> <span class='ocrx_word' id='word_1_256' title='bbox 526 3398 548 3445; x_wconf 93' lang='lat' dir='ltr'>is</span> <span class='ocrx_word' id='word_1_257' title='bbox 566 3396 671 3459; x_wconf 89' lang='lat' dir='ltr'>quidem</span> <span class='ocrx_word' id='word_1_258' title='bbox 689 3397 856 3460; x_wconf 85' lang='lat' dir='ltr'>gravissimus</span> <span class='ocrx_word' id='word_1_259' title='bbox 873 3396 960 3460; x_wconf 85' lang='lat' dir='ltr'>judex.</span> <span class='ocrx_word' id='word_1_260' title='bbox 972 3398 1004 3447; x_wconf 91' lang='lat' dir='ltr'>de</span> <span class='ocrx_word' id='word_1_261' title='bbox 1021 3399 1071 3449; x_wconf 90' lang='lat' dir='ltr'>hae</span> <span class='ocrx_word' id='word_1_262' title='bbox 1085 3415 1114 3461; x_wconf 72' lang='lat' dir='ltr'>re</span> <span class='ocrx_word' id='word_1_263' title='bbox 1131 3402 1174 3452; x_wconf 83' lang='lat' dir='ltr'>ita</span> <span class='ocrx_word' id='word_1_264' title='bbox 1191 3405 1245 3455; x_wconf 88' lang='lat' dir='ltr'>dis·</span> 
     </span>
     <span class='ocr_line' id='line_1_31' title="bbox 120 3488 1242 3562; baseline 0.004 -19"><span class='ocrx_word' id='word_1_265' title='bbox 120 3500 196 3560; x_wconf 87' lang='lat' dir='ltr'>putat</span> <span class='ocrx_word' id='word_1_266' title='bbox 216 3494 243 3542; x_wconf 90' lang='lat' dir='ltr'>iu</span> <span class='ocrx_word' id='word_1_267' title='bbox 261 3492 318 3542; x_wconf 88' lang='lat' dir='ltr'>Ecl.</span> <span class='ocrx_word' id='word_1_268' title='bbox 337 3498 405 3555; x_wconf 90' lang='lat' dir='ltr'>poet.</span> <span class='ocrx_word' id='word_1_269' title='bbox 428 3491 473 3539; x_wconf 88' lang='lat' dir='ltr'>lat.</span> <span class='ocrx_word' id='word_1_270' title='bbox 492 3490 592 3553; x_wconf 61' lang='lat' dir='ltr'>(Turici</span> <span class='ocrx_word' id='word_1_271' title='bbox 612 3489 689 3550; x_wconf 89' lang='lat'><strong>1833)</strong></span> <span class='ocrx_word' id='word_1_272' title='bbox 709 3505 733 3552; x_wconf 92' lang='lat' dir='ltr'>p.</span> <span class='ocrx_word' id='word_1_273' title='bbox 752 3489 814 3539; x_wconf 79' lang='lat'><strong>252:</strong></span> <span class='ocrx_word' id='word_1_274' title='bbox 841 3488 1038 3560; x_wconf 8' lang='lat' dir='ltr'>’&#39;Facileyenim</span> <span class='ocrx_word' id='word_1_275' title='bbox 1059 3493 1242 3562; x_wconf 34' lang='lat' dir='ltr'>largiorlviro</span> 
     </span>
     <span class='ocr_line' id='line_1_32' title="bbox 119 3583 1243 3653; baseline 0.002 -17"><span class='ocrx_word' id='word_1_276' title='bbox 119 3588 291 3653; x_wconf 85' lang='lat' dir='ltr'>sagacissimo</span> <span class='ocrx_word' id='word_1_277' title='bbox 310 3584 462 3648; x_wconf 80' lang='lat' dir='ltr'>(Franckio)</span> <span class='ocrx_word' id='word_1_278' title='bbox 480 3583 636 3633; x_wconf 58' lang='lat' dir='ltr'>,Iuvenalem</span> <span class='ocrx_word' id='word_1_279' title='bbox 654 3597 738 3648; x_wconf 89' lang='lat' dir='ltr'>neque</span> <span class='ocrx_word' id='word_1_280' title='bbox 756 3585 782 3632; x_wconf 88' lang='lat' dir='ltr'>in</span> <span class='ocrx_word' id='word_1_281' title='bbox 800 3583 921 3650; x_wconf 81' lang='lat' dir='ltr'>Aegypto</span> <span class='ocrx_word' id='word_1_282' title='bbox 939 3585 1072 3646; x_wconf 84' lang='lat' dir='ltr'>exulasse,</span> <span class='ocrx_word' id='word_1_283' title='bbox 1089 3602 1151 3649; x_wconf 91' lang='lat' dir='ltr'>nec,</span> <span class='ocrx_word' id='word_1_284' title='bbox 1172 3589 1243 3653; x_wconf 89' lang='lat' dir='ltr'>quod</span> 
     </span>
     <span class='ocr_line' id='line_1_33' title="bbox 119 3655 1243 3747; baseline -0.002 -18"><span class='ocrx_word' id='word_1_285' title='bbox 119 3695 168 3744; x_wconf 90' lang='lat' dir='ltr'>per</span> <span class='ocrx_word' id='word_1_286' title='bbox 183 3695 210 3729; x_wconf 90' lang='lat' dir='ltr'>se</span> <span class='ocrx_word' id='word_1_287' title='bbox 228 3680 393 3745; x_wconf 87' lang='lat' dir='ltr'>intelligitur,</span> <span class='ocrx_word' id='word_1_288' title='bbox 418 3677 568 3727; x_wconf 81' lang='lat' dir='ltr'>interfuisse</span> <span class='ocrx_word' id='word_1_289' title='bbox 590 3678 698 3727; x_wconf 88' lang='lat' dir='ltr'>immani</span> <span class='ocrx_word' id='word_1_290' title='bbox 725 3677 786 3725; x_wconf 88' lang='lat' dir='ltr'>huic</span> <span class='ocrx_word' id='word_1_291' title='bbox 807 3693 923 3743; x_wconf 88' lang='lat' dir='ltr'>pugnae,</span> <span class='ocrx_word' id='word_1_292' title='bbox 946 3655 1180 3731; x_wconf 47' lang='lat' dir='ltr'>sed&#39;nihilominus</span> <span class='ocrx_word' id='word_1_293' title='bbox 1199 3697 1243 3747; x_wconf 57' lang='lat' dir='ltr'>ge,</span> 
     </span>
     <span class='ocr_line' id='line_1_34' title="bbox 120 3770 1242 3837; baseline 0.004 -14"><span class='ocrx_word' id='word_1_294' title='bbox 120 3776 214 3824; x_wconf 88' lang='lat' dir='ltr'>nuinos</span> <span class='ocrx_word' id='word_1_295' title='bbox 236 3781 327 3837; x_wconf 90' lang='lat' dir='ltr'>reputo</span> <span class='ocrx_word' id='word_1_296' title='bbox 355 3786 444 3821; x_wconf 87' lang='lat' dir='ltr'>versus</span> <span class='ocrx_word' id='word_1_297' title='bbox 467 3772 495 3820; x_wconf 90' lang='lat' dir='ltr'>in</span> <span class='ocrx_word' id='word_1_298' title='bbox 517 3772 693 3834; x_wconf 88' lang='lat' dir='ltr'>suspicionem</span> <span class='ocrx_word' id='word_1_299' title='bbox 720 3770 853 3820; x_wconf 90' lang='lat' dir='ltr'>adductos.</span> <span class='ocrx_word' id='word_1_300' title='bbox 889 3770 987 3832; x_wconf 84' lang='lat' dir='ltr'>Quidni</span> <span class='ocrx_word' id='word_1_301' title='bbox 1008 3772 1077 3822; x_wconf 89' lang='lat' dir='ltr'>enim</span> <span class='ocrx_word' id='word_1_302' title='bbox 1095 3777 1242 3837; x_wconf 83' lang='lat' dir='ltr'>pervitam</span> 
     </span>
     <span class='ocr_line' id='line_1_35' title="bbox 119 3858 1241 3932; baseline 0.003 -16"><span class='ocrx_word' id='word_1_303' title='bbox 119 3867 174 3916; x_wconf 82' lang='lat' dir='ltr'>fere</span> <span class='ocrx_word' id='word_1_304' title='bbox 193 3858 389 3932; x_wconf 80' lang='lat' dir='ltr'>octogenariam</span> <span class='ocrx_word' id='word_1_305' title='bbox 407 3865 487 3914; x_wconf 89' lang='lat' dir='ltr'>semel</span> <span class='ocrx_word' id='word_1_306' title='bbox 504 3865 616 3914; x_wconf 89' lang='lat' dir='ltr'>invisere</span> <span class='ocrx_word' id='word_1_307' title='bbox 634 3865 748 3928; x_wconf 87' lang='lat' dir='ltr'>potuerit</span> <span class='ocrx_word' id='word_1_308' title='bbox 766 3863 913 3928; x_wconf 84' lang='lat' dir='ltr'>Aegyptum</span> <span class='ocrx_word' id='word_1_309' title='bbox 931 3879 1013 3929; x_wconf 89' lang='lat' dir='ltr'>ecque</span> <span class='ocrx_word' id='word_1_310' title='bbox 1031 3867 1059 3915; x_wconf 88' lang='lat' dir='ltr'>iu</span> <span class='ocrx_word' id='word_1_311' title='bbox 1076 3866 1171 3918; x_wconf 90' lang='lat' dir='ltr'>itinere</span> <span class='ocrx_word' id='word_1_312' title='bbox 1190 3867 1241 3919; x_wconf 85' lang='lat' dir='ltr'>Ca·</span> 
     </span>
     <span class='ocr_line' id='line_1_36' title="bbox 119 3945 1257 4023; baseline 0.004 -14"><span class='ocrx_word' id='word_1_313' title='bbox 119 3975 216 4023; x_wconf 91' lang='lat' dir='ltr'>nopum</span> <span class='ocrx_word' id='word_1_314' title='bbox 233 3960 402 4010; x_wconf 84' lang='lat' dir='ltr'>Graecanicis</span> <span class='ocrx_word' id='word_1_315' title='bbox 420 3958 522 4008; x_wconf 87' lang='lat' dir='ltr'>deliciis</span> <span class='ocrx_word' id='word_1_316' title='bbox 541 3957 704 4019; x_wconf 78' lang='lat' dir='ltr'>affluentem,</span> <span class='ocrx_word' id='word_1_317' title='bbox 723 3945 774 4006; x_wconf 74' lang='lat' dir='ltr'>nori</span> <span class='ocrx_word' id='word_1_318' title='bbox 790 3972 852 4007; x_wconf 77' lang='lat' dir='ltr'>eum·</span> <span class='ocrx_word' id='word_1_319' title='bbox 865 3961 929 4022; x_wconf 90' lang='lat' dir='ltr'>ipsis</span> <span class='ocrx_word' id='word_1_320' title='bbox 945 3959 1049 4022; x_wconf 86' lang='lat' dir='ltr'>quidem</span> <span class='ocrx_word' id='word_1_321' title='bbox 1063 3958 1156 4013; x_wconf 90' lang='lat' dir='ltr'>Ombis</span> <span class='ocrx_word' id='word_1_322' title='bbox 1171 3963 1257 4013; x_wconf 65' lang='lat' dir='ltr'>‘l&#39;en-&gt;¹</span> 
     </span>
     <span class='ocr_line' id='line_1_37' title="bbox 118 4030 1241 4119; baseline 0.004 -16"><span class='ocrx_word' id='word_1_323' title='bbox 118 4055 250 4118; x_wconf 67' lang='lat' dir='ltr'>mirque,</span> <span class='ocrx_word' id='word_1_324' title='bbox 271 4056 317 4103; x_wconf 90' lang='lat' dir='ltr'>sed</span> <span class='ocrx_word' id='word_1_325' title='bbox 340 4030 398 4103; x_wconf 87' lang='lat' dir='ltr'>curn</span> <span class='ocrx_word' id='word_1_326' title='bbox 423 4054 482 4102; x_wconf 90' lang='lat' dir='ltr'>aliis</span> <span class='ocrx_word' id='word_1_327' title='bbox 504 4054 570 4102; x_wconf 91' lang='lat' dir='ltr'>locis</span> <span class='ocrx_word' id='word_1_328' title='bbox 593 4053 710 4102; x_wconf 88' lang='lat' dir='ltr'>barbaris</span> <span class='ocrx_word' id='word_1_329' title='bbox 735 4050 843 4116; x_wconf 83' lang='lat' dir='ltr'>Canopo</span> <span class='ocrx_word' id='word_1_330' title='bbox 865 4051 1028 4116; x_wconf 89' lang='lat' dir='ltr'>propioribus</span> <span class='ocrx_word' id='word_1_331' title='bbox 1051 4055 1241 4119; x_wconf 78' lang='lat' dir='ltr'>eompararci’&#39;</span> 
     </span>
     <span class='ocr_line' id='line_1_38' title="bbox 119 4137 1241 4214; baseline 0.004 -17"><span class='ocrx_word' id='word_1_332' title='bbox 119 4137 155 4197; x_wconf 77' lang='lat' dir='ltr'>Et</span> <span class='ocrx_word' id='word_1_333' title='bbox 173 4163 197 4211; x_wconf 91' lang='lat' dir='ltr'>p.</span> <span class='ocrx_word' id='word_1_334' title='bbox 216 4146 279 4196; x_wconf 77' lang='lat'>253:</span> <span class='ocrx_word' id='word_1_335' title='bbox 297 4146 475 4198; x_wconf 89' lang='lat' dir='ltr'>’&#39;Nominatim</span> <span class='ocrx_word' id='word_1_336' title='bbox 494 4148 521 4195; x_wconf 90' lang='lat' dir='ltr'>in</span> <span class='ocrx_word' id='word_1_337' title='bbox 540 4146 589 4196; x_wconf 88' lang='lat' dir='ltr'>hae</span> <span class='ocrx_word' id='word_1_338' title='bbox 607 4147 672 4208; x_wconf 86' lang='lat' dir='ltr'>(XV</span> <span class='ocrx_word' id='word_1_339' title='bbox 691 4147 790 4207; x_wconf 85' lang='lat' dir='ltr'>satira),</span> <span class='ocrx_word' id='word_1_340' title='bbox 809 4148 881 4212; x_wconf 88' lang='lat' dir='ltr'>eujus</span> <span class='ocrx_word' id='word_1_341' title='bbox 902 4155 1080 4210; x_wconf 86' lang='lat' dir='ltr'>argumentum</span> <span class='ocrx_word' id='word_1_342' title='bbox 1104 4152 1241 4214; x_wconf 83' lang='lat' dir='ltr'>egregium</span> 
     </span>
     <span class='ocr_line' id='line_1_39' title="bbox 120 4219 1120 4306; baseline -0.007 -11"><span class='ocrx_word' id='word_1_343' title='bbox 120 4244 173 4304; x_wconf 74' lang='lat' dir='ltr'>ast,</span> <span class='ocrx_word' id='word_1_344' title='bbox 193 4241 260 4306; x_wconf 75' lang='lat' dir='ltr'>quod</span> <span class='ocrx_word' id='word_1_345' title='bbox 279 4243 312 4292; x_wconf 86' lang='lat' dir='ltr'>ad</span> <span class='ocrx_word' id='word_1_346' title='bbox 331 4242 436 4292; x_wconf 86' lang='lat' dir='ltr'>dicendi</span> <span class='ocrx_word' id='word_1_347' title='bbox 454 4255 537 4304; x_wconf 81' lang='lat' dir='ltr'>gequs</span> <span class='ocrx_word' id='word_1_348' title='bbox 549 4242 666 4304; x_wconf 81' lang='lat' dir='ltr'>pertinet</span> <span class='ocrx_word' id='word_1_349' title='bbox 684 4242 766 4290; x_wconf 88' lang='lat' dir='ltr'>multa</span> <span class='ocrx_word' id='word_1_350' title='bbox 783 4238 936 4304; x_wconf 90' lang='lat' dir='ltr'>reprebendi</span> <span class='ocrx_word' id='word_1_351' title='bbox 953 4219 1086 4304; x_wconf 86' lang='lat' dir='ltr'>possunt.’&#39;</span> <span class='ocrx_word' id='word_1_352' title='bbox 1118 4283 1120 4288; x_wconf 90' lang='lat'><em>.</em></span> 
     </span>
    </p>
   </div>
   <div class='ocr_carea' id='block_1_5' title="bbox 0 0 1371 4658">
    <p class='ocr_par' dir='ltr' id='par_1_5' title="bbox 0 0 1371 4658">
     <span class='ocr_line' id='line_1_40' title="bbox 0 0 1371 4658; baseline 0 0"><span class='ocrx_word' id='word_1_353' title='bbox 0 0 1371 4658; x_wconf 95' lang='lat' dir='ltr'> </span> 
     </span>
    </p>
   </div>
  </div>
 </body>
</html>
