2722 4658
264 365 315 416 Hic
332 337 440 430 plaudat
457 363 534 435 nitidi
550 365 684 427 praeconis
701 363 770 414 filius
786 365 855 415 inter

264 459 400 523 liinuirapi
418 458 502 510 cultos
517 459 626 523 juranos
641 459 801 523 juvenesque
817 457 940 508 lanistae:

264 551 310 604 Sic
324 552 429 603 libitum
446 565 522 612 vano,
541 551 584 615 qui
601 565 649 600 nes
666 551 784 602 distinxit
802 548 915 613 Othoni,

61 684 186 752 mentio
207 684 245 752 fit
264 684 349 773 legis
369 684 509 752 Rosciae
529 683 703 780 'theatralis
725 707 746 751 a
765 684 956 779 Domitiano
983 672 1175 769 renovatae,

64 818 160 882 quam
180 817 248 862 rem
270 796 402 883 attingit
421 793 598 883 Suetonius
619 794 717 892 Iloua
740 794 775 858 8:
801 793 1176 882 ᾖ8118000181101100110-

64 929 105 973 ne
129 917 258 973 morum
282 905 447 973 licentiam
474 903 665 971 theatralem
686 905 870 990 promiscue
891 905 925 970 in
953 905 1062 998 equite
1084 926 1177 991 spec·

63 996 153 1085 tau
173 1016 334 1083 11111110
353 1024 388 1082 a
408 1014 573 1082 Martialis
596 1036 694 1101 saepe
716 1012 764 1102 (v
786 1014 816 1096 8,
840 1015 891 1098 11,
911 1015 964 1099 aa,
987 1006 1039 1098 as,
1055 1013 1107 1099 aa,
1124 1016 1178 1100 aa,

12 1201 17 1213 ,
62 1129 117 1210 41,
138 1126 191 1193 VI
213 1129 260 1213 9).
303 1123 371 1192 Sed
398 1125 478 1210 quid
503 1146 617 1191 revera
645 1125 790 1190 sanxerit
810 1123 1019 1192 Domitianus
1046 1125 1177 1220 anullo

63 1238 246 1303 accuratius
258 1231 460 1324 exploratum
475 1234 614 1320 reperio.
645 1232 859 1301 Heinrichius
870 1232 1000 1317 quidem
1015 1235 1051 1302 iu
1061 1254 1194 1303 comm.

62 1369 96 1432 p.
121 1348 180 1411 147
202 1347 371 1413 contendit
396 1368 469 1412 eum
490 1344 597 1433 legem
617 1343 732 1410 Roscii
752 1342 897 1412 Othonis
922 1344 1106 1412 revocatam
1131 1346 1180 1412 ita

64 1456 234 1540 dilatasse,
266 1465 303 1522 ut
329 1455 482 1523 omnibus
510 1457 566 1542 jus
592 1455 628 1519 in
659 1454 917 1538 quattuordecim
939 1453 1105 1524 ordinibus
1128 1476 1179 1524 se·

63 1565 162 1632 deudi
185 1567 349 1648 tribuerit,
371 1566 442 1652 qui,
469 1566 618 1650 quamvis
645 1564 771 1648 equites
797 1587 865 1630 non
892 1572 1018 1650 essent,
1045 1575 1180 1632 censum

64 1687 247 1763 equestrem
269 1675 487 1762 possiderent.
530 1673 629 1759 Quod
649 1674 781 1743 etiamsi.
800 1674 939 1742 forsitan
964 1674 1006 1741 ab
1027 1675 1183 1743 universa

64 1787 200 1852 veritate
221 1809 289 1851 non
310 1786 447 1850 multum
473 1784 651 1872 discrepet,
678 1807 748 1850 rem
773 1793 881 1851 tamen
901 1785 1001 1871 paulo
1026 1786 1102 1872 plus
1124 1786 1180 1852 de

63 1896 154 1965 finite
177 1895 342 1982 explanari
362 1917 463 1983 posse
485 1896 593 1963 credo.
625 1894 835 1962 Probabilins
857 1897 943 1962 enim
958 1917 999 1962 ex
1015 1918 1087 1962 mea
1109 1917 1181 1963 sen-

63 2007 168 2073 tentia
193 2004 402 2074 Domitianus
433 2007 540 2096 legem
565 2003 721 2073 Rosciam
753 2006 904 2074 omnibus
936 2006 1182 2090 additamentis,

64 2139 146 2203 quae
158 2127 274 2203 postea
284 2119 410 2205 adjecta
425 2126 527 2204 erant,
543 2116 680 2185 sublatis
691 2103 864 2185 revocasse
876 2115 1109 2184 existimandus
1120 2123 1184 2196 est.

65 2225 182 2294 Sanxit
196 2229 283 2293 enim
298 2228 383 2291 inter
399 2227 463 2291 alia
477 2225 557 2290 haec
573 2226 625 2290 lex
642 2234 726 2290 teste
743 2219 906 2292 Cicerone
921 2226 1009 2292 Phil.
1021 2225 1058 2291 Π
1077 2226 1129 2310 18,
1145 2207 1190 2295 1117

66 2335 300 2420 decoctoresa
327 2330 444 2399 ceteris
477 2341 705 2419 separarentur
737 2342 771 2399 et
801 2342 909 2401 certus
940 2336 1033 2400 locus
1067 2338 1114 2403 eis
1147 2337 1183 2402 in

66 2441 195 2508 theatro
218 2443 479 2511 constitueretur.
520 2443 588 2513 Sed
610 2442 794 2531 postbella
814 2443 925 2510 civilia
950 2445 1183 2512 1111010111εά0-

64 2562 235 2647 coctorum
256 2555 302 2620 ita
328 2563 442 2625 auctus
474 2563 558 2639 crat,
584 2556 624 2620 ut¹
646 2555 819 2643 Augustus
853 2555 912 2638 eis,
935 2555 1073 2649 &quibus
1099 2557 1183 2643 ipsis

64 2664 297 2749 parentibusue
330 2674 479 2752 equester
501 2688 617 2733 census
645 2667 954 2752 uuquam=fuisset”,
976 2663 1084 2752 (Suet.
1107 2664 1183 2732 Oct.

64 2775 134 2861 40),
153 2778 207 2860 jus
229 2776 264 2842 in
286 2776 545 2860 quattuordecim
563 2778 732 2845 ordinibus
749 2765 885 2843 sedendi
898 2777 1093 2862 permiserit.
1123 2775 1184 2842 Sa·

68 2884 114 2950 tis
136 2907 266 2969 quoque
288 2897 401 2952 notum
423 2896 475 2954 est
493 2891 559 2974 jam
574 2887 741 2973 prioribus
759 2887 820 2953 sub
836 2887 1086 2972 imperatoribus
1102 2888 1183 2952 mul-

65 3003 120 3060 tos
144 2993 291 3061 homines
311 2994 419 3061 'infimi
452 2997 580 3085 generis
607 2997 643 3061 in
669 2997 756 3062 hunc
778 2979 926 3063 ordinem
951 2997 1125 3082 irrepsisse
1151 3005 1185 3063 et

61 3108 138 3192 jura
159 3107 365 3195 insigniaque
387 3111 457 3194 ejus
480 3107 544 3188 sibi
565 3107 792 3195 assumpsisse.
835 3106 927 3191 Quae
948 3108 1184 3190 resquomodo

67 3216 179 3302 priore
201 3226 346 3302 tempore
366 3217 495 3307 legibus
523 3218 566 3284 sit
593 3217 736 3283 codrcita
767 3236 882 3305 parum
913 3217 1030 3304 liquet,
1064 3219 1123 3285 sed
1149 3218 1184 3285 id

67 3327 199 3411 quidem¹
231 3335 382 3394 constare
414 3329 552 3412 videtur,
584 3329 736 3417 ingenuis
762 3335 887 3392 tantum
907 3329 964 3414 jus
992 3316 1184 3416 dignitatem

69 3447 254 3520 equestrem
284 3439 318 3502 iu
350 3437 482 3522 publico
515 3437 629 3504 tuendi
660 3437 803 3526 legitime
836 3439 1049 3505 constitutum
1080 3439 1184 3505 1111880

70 3546 152 3630 (vid.
174 3547 311 3640 Becker.
332 3536 465 3614 Haudb.
488 3546 518 3611 d.
540 3551 620 3614 rdm.
643 3547 712 3612 Ait.
729 3546 765 3612 H
782 3544 821 3613 P.
840 3550 856 3612 1
874 3564 907 3634 p.
926 3547 1013 3636 284),
1035 3549 1183 3634 quamvis

10 3713 13 3716 .
69 3666 216 3744 tempore
248 3659 480 3744 imperatorum
512 3681 685 3744 numquam
711 3659 794 3740 fere,
821 3667 859 3723 ut
884 3660 1024 3742 videtur,
1045 3682 1124 3746 prae
1145 3657 1185 3726 li·

72 3747 272 3833 bertinorum
303 3767 510 3834 multitudine
531 3777 564 3835 01
585 3769 733 3854 potentia
763 3769 932 3835 immotum
959 3769 1098 3836 valuerit
1125 3771 1184 3856 (cf.

72 3877 157 3944 Hor.
168 3877 308 3962 Epona
323 3902 354 3944 v.
369 3878 624 3961 15-16,seh01.
641 3878 683 3943 ad
694 3879 772 3946 Juv.
784 3878 817 3945 V
830 3880 861 3962 3,
877 3879 977 3944 Mart.
988 3879 1023 3946 H
1035 3881 1087 3963 29,
1098 3879 1184 3947 Ρ110.
1264 3895 1269 3901 ’

74 3987 105 4053 h.
128 4010 160 4053 n.
183 3987 224 4051 33
247 3989 266 4048 2
289 3987 334 4074 8).
388 3989 722 4073 Domitianumvero
754 3989 802 4056 ita
834 3989 980 4057 sanxisse
1000 3970 1117 4076 credo,
1149 3999 1186 4054 ut

75 4114 201 4183 omnes,
223 4096 340 4184 quibus
362 4120 479 4166 census
502 4105 651 4186 equester
673 4107 761 4167 esset
781 4100 902 4183 quique
923 4097 997 4186 ipso
1025 4096 1083 4167 illo
1105 4109 1185 4166 tem·

75 4232 154 4294 pore
175 4233 235 4295 pro
257 4208 421 4292 equitibus
445 4233 479 4276 se
501 4215 656 4297 gerercut'
672 4217 767 4296 atque
789 4210 823 4274 iu
846 4212 918 4294 jure
944 4231 1056 4278 eorum
1083 4212 1185 4294 quali-
