2722 4658
1140 222 1186 290 83

112 411 271 478 cessitum
290 409 446 476 remansit
466 407 547 494 (vid.
569 406 808 474 Friedlaender.
831 408 943 474 Darst.
965 406 1002 472 Τ.
1024 406 1061 472 ll
1080 429 1114 496 p.
1136 409 1225 500 302).

114 520 184 588 Sed
206 543 271 587 non
296 527 363 586 tam
392 517 509 585 studiis
541 516 633 605 vulgi
665 517 845 584 excitandis
877 526 989 606 aptum
1019 518 1098 604 fuit,
1129 534 1227 604 quam

112 629 348 718 intelligentiae
370 627 657 715 voluptatibusque
684 626 852 694 hominum
878 627 1069 696 eruditione·
1087 626 1227 714 quadam

112 741 317 809 excultorum
338 741 522 826 -praecipue
555 737 848 823 accommodatum,
875 740 996 826 quippe
1021 741 1111 824 quod
1136 741 1228 808 nullo

113 851 260 938 pleniore
282 869 492 936 personarum
513 856 547 914 et
568 848 728 914 sermonis
755 856 914 934 apparatu
939 849 1133 916 instructum
1160 873 1228 917 om-

114 962 171 1028 nia
192 961 234 1027 ad
255 967 364 1028 motus
385 956 533 1044 corporis
554 957 691 1025 referret
712 965 810 1041 atque
836 959 872 1025 in
893 957 1028 1044 fabulis,
1053 968 1091 1026 ut
1112 968 1228 1048 captus

103 1071 206 1158 ,vulgi
227 1078 311 1155 erat,
332 1069 471 1135 fortasse
491 1059 694 1134 doctioribus
715 1068 934 1155 exprimendis
950 1070 1141 1156 plerumque
1156 1092 1229 1138 ver-

47 1230 49 1234 .
114 1190 241 1248 seretur
264 1178 299 1268 (l.
320 1200 348 1245 o.
369 1201 402 1265 p.
425 1178 515 1264 290).
557 1175 606 1244 At
627 1187 763 1263 quaerat
782 1178 957 1266 quispiam,
986 1202 1126 1265 quorsus
1146 1180 1230 1248 haee

114 1301 241 1379 spectet
272 1290 387 1358 oratio.
440 1289 483 1355 Id
514 1311 589 1377 ago,
625 1298 663 1354 ut
699 1289 933 1374 demonstrem,
969 1314 1040 1358 eam
1072 1292 1230 1359 duntaxat

112 1402 181 1469 vim
202 1403 310 1470 verbis
330 1398 433 1467 Plinii
460 1400 548 1466 haud
574 1408 694 1466 temere
716 1422 816 1487 posse
837 1400 952 1484 tribui,
973 1409 1027 1487 ut,
1047 1423 1130 1486 quae
1149 1400 1231 1471 Tra·

108 1517 188 1599 jano
218 1513 254 1579 in
285 1511 425 1579 consilio
464 1532 524 1577 suo
557 1512 774 1598 pantomimos
810 1534 830 1576 a
862 1532 958 1580 scena
994 1512 1127 1579 arcendi
1156 1535 1231 1600 per.-

113 1645 263 1692 severare
288 1644 356 1688 non
382 1621 556 1688 admodum
583 1621 717 1686 difficile
743 1622 846 1689 fuisse
871 1622 1027 1709 probent,
1054 1621 1231 1711 dignaba-

112 1734 259 1800 beantur.
302 1730 390 1798 Nam
421 1739 557 1818 propter
588 1731 695 1817 ipsam
726 1730 811 1798 hanc
841 1755 923 1816 rem,
956 1733 1045 1819 quod
1071 1734 1120 1799 sic
1150 1734 1230 1800 mihi

112 1843 303 1911 testimonio
318 1841 422 1908 Plinii
439 1844 511 1929 jure
532 1841 582 1906 uti
602 1841 726 1924 videor,
747 1841 883 1908 mirarer
898 1844 1059 1929 profecto,
1076 1856 1135 1910 cur'
1150 1867 1231 1933 pan·

114 1955 266 2021 tomimos
288 1975 308 2019 a
329 1974 366 2019 se
386 1973 461 2018 eum
481 1952 626 2018 omnium
647 1973 782 2019 assensu
804 1951 859 2018 vel
884 1954 974 2020 nullo
1000 1953 1116 2023 saltem
1136 1978 1233 2042 rapu·

113 2074 235 2153 gnante
254 2086 323 2131 non
343 2062 446 2130 multo
469 2061 544 2150 plus
571 2083 668 2147 quam
695 2062 835 2129 triennio
862 2071 937 2130 ante
964 2064 1112 2133 sublatos
1138 2088 1232 2133 revo-

113 2177 254 2258 caverit,
275 2173 342 2241 nisi
362 2197 437 2240 eum
457 2172 625 2239 hominum
639 2172 843 2255 quorundam
858 2173 981 2260 gratiae
1004 2183 1038 2240 et
1058 2158 1169 2242 amori
1182 2185 1230 2242 at·

116 2305 179 2371 que
201 2305 262 2352 suo
282 2284 425 2350 fortasse
444 2282 550 2368 ipsius
577 2281 687 2349 studio
714 2290 748 2348 et
773 2282 936 2367 voluptati
956 2284 991 2350 id
1012 2284 1189 2353 indulsisse
1210 2308 1231 2352 a

117 2395 229 2462 Dione
248 2393 426 2461 indicatum
450 2394 636 2480 reperirem.
684 2392 784 2478 Quod
809 2415 889 2460 vero
914 2393 969 2460 hie
997 2381 1147 2482 scriptor,
1173 2398 1231 2481 qui

117 2513 185 2570 tam
209 2503 324 2571 faciles
356 2524 450 2571 aures
483 2502 759 2571 obtrectatoribus
790 2503 982 2590 praebuisse
1013 2504 1144 2573 videtur
1169 2518 1231 2583 'nee

114 2616 349 2682 calumniarum
373 2615 572 2681 mentionem
597 2613 744 2701 qualibet
769 2614 950 2682 occasione
967 2603 1077 2683 oblata
1096 2600 1232 2705 injicere

113 2746 270 2813 umquam·
287 2725 432 2810 dubitat,
452 2724 627 2812 Trajanum
648 2725 805 2813 Pyladem
826 2727 1061 2813 pantomimum
1076 2717 1231 2796 dilexisse

96 2838 178 2918 ait,
198 2859 266 2903 non
289 2843 355 2920 est,
377 2857 479 2920 quara
500 2834 592 2903 illum
612 2836 765 2921 protinus
787 2836 995 2920 turpissimae
1014 2827 1160 2904 libidinis
1178 2827 1231 2904 in·

115 2966 277 3020 eusemus.
319 2945 525 3031 Quamquam
545 2947 580 3011 in
602 2944 794 3031 antiquitate
814 2966 890 3010 non
909 2944 1095 3030 defuerunt,
1116 2945 1186 3030 qui*-
1193 2947 1230 3013 id

117 3058 263 3123 facerent
284 3055 365 3142 (vid.
386 3053 433 3121 H.
454 3055 604 3122 Francke
625 3054 647 3120 l.
669 3075 697 3121 c.
719 3078 752 3141 p.
775 3055 837 3120 639
861 3056 936 3142 sq).
969 3053 1077 3123 Nobis
1099 3057 1230 3142 quidem

115 3165 248 3234 credere
269 3165 426 3248 sufficiet,
447 3163 623 3253 Trajanum
649 3169 760 3251 pravis
789 3164 1079 3237 consuetudinibus
1099 3168 1136 3234 in
1157 3169 1231 3245 aula

114 3276 299 3365 principum
319 3276 541 3343 Romanorum
559 3276 753 3363 jampridem
768 3275 992 3355 usitatissimis
1008 3278 1157 3346 nonnihil
1166 3268 1231 3353 ob·

114 3388 251 3455 noxium
275 3386 378 3454 fuisse
404 3394 503 3470 atque
534 3385 678 3469 libertis,
710 3385 943 3471 histrionibus,
970 3387 1044 3455 aliis
1071 3388 1230 3474 ejusdem-

113 3498 204 3566 modi
225 3496 413 3564 hominibus
435 3495 558 3582 aliquid
573 3495 777 3562 auctoritatis
794 3504 827 3561 et
843 3498 1010 3582 potentiae
1025 3500 1230 3568 concessisse

116 3608 175 3694 (cf.
192 3607 277 3674 Plin.
293 3606 416 3694 Paneg.
434 3604 486 3690 88,
501 3605 576 3672 Ael.
593 3603 704 3693 Spart.
719 3605 755 3670 in
770 3604 842 3672 vit.
858 3605 964 3674 Hadr.
979 3609 1026 3694 4).
1064 3609 1118 3675 Ac
1140 3605 1230 3694 qdod
1250 3683 1252 3688 ,

117 3719 257 3805 opponit
271 3718 481 3784 Hermannus
494 3715 532 3782 in
547 3716 649 3801 praef.
660 3739 693 3803 p.
705 3731 739 3800 V,
749 3714 941 3804 '’Trajanum
952 3734 1026 3783 eum
1035 3740 1104 3784 non
1114 3697 1228 3808 fuisse,

117 3829 174 3915 qui
193 3825 364 3896 histrionis
384 3825 492 3892 favori
516 3825 738 3913 praefecturas
759 3834 793 3895 et
813 3828 995 3895 tribunatus
1017 3827 1229 3918 indulgeret’',

115 3938 152 4005 id
173 3935 262 4003 haud
286 3938 396 4027 magni
421 3934 577 4023 ponderis
603 3958 677 4004 esse
697 3944 803 4024 patet,
829 3959 927 4024 quum
948 3958 989 4004 ne
1010 3942 1229 4009 necessarium

117 4048 248 4137 quidem
270 4047 313 4113 sit
334 4055 477 4116 statuere
501 4047 625 4114 idcirco
652 4055 777 4114 tantum
804 4049 948 4114 futurum
967 4046 1081 4136 fuisse,
1100 4059 1138 4116 ut
1156 4072 1229 4117 ver·

117 4159 209 4228 sibus
236 4157 408 4226 luvenalis
441 4157 670 4241 offenderetur,
702 4159 791 4244 quod
817 4165 924 4223 tantae
950 4179 1030 4246 erga
1055 4159 1144 4226 istud
1165 4176 1170 4191 ¹

117 4269 239 4336 minum
259 4288 364 4358 genus
384 4267 605 4358 indulgentiae
630 4290 744 4336 revera
769 4268 878 4333 locum
898 4267 1056 4338 dedisset.
1095 4269 1139 4350 Q
