<?xml version="1.0" encoding="UTF-8"?>
<!DOCTYPE html PUBLIC "-//W3C//DTD XHTML 1.0 Transitional//EN"
    "http://www.w3.org/TR/xhtml1/DTD/xhtml1-transitional.dtd">
<html xmlns="http://www.w3.org/1999/xhtml" xml:lang="en" lang="en">
 <head>
  <title>
</title>
<meta http-equiv="Content-Type" content="text/html;charset=utf-8" />
  <meta name='ocr-system' content='tesseract 3.04.00' />
  <meta name='ocr-capabilities' content='ocr_page ocr_carea ocr_par ocr_line ocrx_word'/>
</head>
<body>
  <div class='ocr_page' id='page_1' title='image "./detemporibusvit00synngoog_0036.png"; bbox 0 0 2722 4658; ppageno 0'>
   <div class='ocr_carea' id='block_1_1' title="bbox 1153 195 1192 256">
    <p class='ocr_par' dir='ltr' id='par_1_1' title="bbox 1153 195 1192 256">
     <span class='ocr_line' id='line_1_1' title="bbox 1153 195 1192 256; baseline -0.026 0"><span class='ocrx_word' id='word_1_1' title='bbox 1153 195 1192 256; x_wconf 77' lang='grc'><strong>29</strong></span> 
     </span>
    </p>
   </div>
   <div class='ocr_carea' id='block_1_2' title="bbox 76 383 1322 3011">
    <p class='ocr_par' dir='ltr' id='par_1_2' title="bbox 76 383 1322 3011">
     <span class='ocr_line' id='line_1_2' title="bbox 121 383 1233 471; baseline -0.005 -19"><span class='ocrx_word' id='word_1_2' title='bbox 121 388 200 452; x_wconf 87' lang='lat' dir='ltr'><strong>dnm</strong></span> <span class='ocrx_word' id='word_1_3' title='bbox 222 409 294 453; x_wconf 89' lang='lat' dir='ltr'><strong>esse</strong></span> <span class='ocrx_word' id='word_1_4' title='bbox 317 385 459 471; x_wconf 88' lang='lat' dir='ltr'><strong>ejusdem</strong></span> <span class='ocrx_word' id='word_1_5' title='bbox 488 385 627 462; x_wconf 84' lang='lat' dir='ltr'><strong>nominis</strong></span> <span class='ocrx_word' id='word_1_6' title='bbox 654 385 886 469; x_wconf 80' lang='lat' dir='ltr'><strong>pantomimum</strong></span> <span class='ocrx_word' id='word_1_7' title='bbox 912 383 1100 448; x_wconf 90' lang='lat' dir='ltr'><strong>Domitiano</strong></span> <span class='ocrx_word' id='word_1_8' title='bbox 1127 385 1233 467; x_wconf 92' lang='lat' dir='ltr'><strong>primo</strong></span> 
     </span>
     <span class='ocr_line' id='line_1_3' title="bbox 128 487 1235 583; baseline -0.005 -22"><span class='ocrx_word' id='word_1_9' title='bbox 128 497 254 583; x_wconf 89' lang='lat' dir='ltr'><strong>imperii</strong></span> <span class='ocrx_word' id='word_1_10' title='bbox 275 520 361 562; x_wconf 87' lang='lat' dir='ltr'><strong>anno</strong></span> <span class='ocrx_word' id='word_1_11' title='bbox 385 496 605 582; x_wconf 82' lang='lat' dir='ltr'><strong>gratissimum</strong></span> <span class='ocrx_word' id='word_1_12' title='bbox 627 518 694 558; x_wconf 90' lang='lat' dir='ltr'><strong>non</strong></span> <span class='ocrx_word' id='word_1_13' title='bbox 715 495 814 581; x_wconf 81' lang='lat' dir='ltr'><strong>fugit,</strong></span> <span class='ocrx_word' id='word_1_14' title='bbox 842 492 928 579; x_wconf 90' lang='lat' dir='ltr'><strong>quod</strong></span> <span class='ocrx_word' id='word_1_15' title='bbox 956 493 1085 578; x_wconf 85' lang='lat' dir='ltr'><strong>quide&#39;m</strong></span> <span class='ocrx_word' id='word_1_16' title='bbox 1111 487 1235 556; x_wconf 74' lang='grc'><strong>81818-</strong></span> 
     </span>
     <span class='ocr_line' id='line_1_4' title="bbox 127 586 1322 693; baseline -0.003 -23"><span class='ocrx_word' id='word_1_17' title='bbox 127 586 195 672; x_wconf 86' lang='lat' dir='ltr'><strong>tere</strong></span> <span class='ocrx_word' id='word_1_18' title='bbox 229 609 335 693; x_wconf 90' lang='lat' dir='ltr'><strong>potnit</strong></span> <span class='ocrx_word' id='word_1_19' title='bbox 370 589 468 672; x_wconf 89' lang='lat' dir='ltr'><strong>satira</strong></span> <span class='ocrx_word' id='word_1_20' title='bbox 497 606 633 690; x_wconf 89' lang='lat' dir='ltr'><strong>septima</strong></span> <span class='ocrx_word' id='word_1_21' title='bbox 664 607 761 690; x_wconf 92' lang='lat' dir='ltr'><strong>paulo</strong></span> <span class='ocrx_word' id='word_1_22' title='bbox 793 605 982 693; x_wconf 83' lang='lat' dir='ltr'><strong>diligentius</strong></span> <span class='ocrx_word' id='word_1_23' title='bbox 1015 604 1234 684; x_wconf 86' lang='lat' dir='ltr'><strong>considerata,</strong></span> <span class='ocrx_word' id='word_1_24' title='bbox 1319 621 1322 625; x_wconf 65' lang='grc'><em>“</em></span> 
     </span>
     <span class='ocr_line' id='line_1_5' title="bbox 125 703 1234 802; baseline -0.003 -21"><span class='ocrx_word' id='word_1_25' title='bbox 125 717 181 781; x_wconf 93' lang='lat' dir='ltr'><strong>ubi</strong></span> <span class='ocrx_word' id='word_1_26' title='bbox 202 711 320 782; x_wconf 84' lang='lat' dir='ltr'><strong>mentio</strong></span> <span class='ocrx_word' id='word_1_27' title='bbox 344 715 472 781; x_wconf 88' lang='lat' dir='ltr'><strong>Paridis</strong></span> <span class='ocrx_word' id='word_1_28' title='bbox 494 715 539 779; x_wconf 90' lang='lat' dir='ltr'><strong>ita</strong></span> <span class='ocrx_word' id='word_1_29' title='bbox 560 716 648 779; x_wconf 86' lang='lat' dir='ltr'><strong>facta</strong></span> <span class='ocrx_word' id='word_1_30' title='bbox 669 703 733 795; x_wconf 83' lang='lat' dir='ltr'><strong>est,</strong></span> <span class='ocrx_word' id='word_1_31' title='bbox 756 725 792 780; x_wconf 91' lang='lat' dir='ltr'><strong>ut</strong></span> <span class='ocrx_word' id='word_1_32' title='bbox 812 726 927 802; x_wconf 83' lang='lat' dir='ltr'><strong>poetae</strong></span> <span class='ocrx_word' id='word_1_33' title='bbox 945 714 983 779; x_wconf 93' lang='lat' dir='ltr'><strong>P.</strong></span> <span class='ocrx_word' id='word_1_34' title='bbox 1000 714 1097 782; x_wconf 85' lang='lat' dir='ltr'><strong>Statii</strong></span> <span class='ocrx_word' id='word_1_35' title='bbox 1118 713 1234 797; x_wconf 82' lang='lat' dir='ltr'><strong>aequa-</strong></span> 
     </span>
     <span class='ocr_line' id='line_1_6' title="bbox 125 823 1235 912; baseline -0.005 -21"><span class='ocrx_word' id='word_1_36' title='bbox 125 827 288 894; x_wconf 81' lang='grc'><strong>118181888</strong></span> <span class='ocrx_word' id='word_1_37' title='bbox 311 826 417 912; x_wconf 92' lang='lat' dir='ltr'><strong>planis</strong></span> <span class='ocrx_word' id='word_1_38' title='bbox 439 825 547 891; x_wconf 80' lang='lat' dir='ltr'><strong>verbis</strong></span> <span class='ocrx_word' id='word_1_39' title='bbox 569 826 704 891; x_wconf 88' lang='lat' dir='ltr'><strong>dicatur.</strong></span> <span class='ocrx_word' id='word_1_40' title='bbox 748 827 853 910; x_wconf 81' lang='lat' dir='ltr'><strong>Quam</strong></span> <span class='ocrx_word' id='word_1_41' title='bbox 878 849 946 890; x_wconf 90' lang='lat' dir='ltr'><strong>rem</strong></span> <span class='ocrx_word' id='word_1_42' title='bbox 975 825 1165 910; x_wconf 81' lang='lat' dir='ltr'><strong>scriptorem</strong></span> <span class='ocrx_word' id='word_1_43' title='bbox 1187 823 1235 886; x_wconf 92' lang='grc'><strong>81-</strong></span> 
     </span>
     <span class='ocr_line' id='line_1_7' title="bbox 124 925 1236 1022; baseline -0.005 -20"><span class='ocrx_word' id='word_1_44' title='bbox 124 937 305 1002; x_wconf 84' lang='grc'><strong>18811118</strong></span> <span class='ocrx_word' id='word_1_45' title='bbox 331 959 400 1004; x_wconf 86' lang='lat' dir='ltr'><strong>eam</strong></span> <span class='ocrx_word' id='word_1_46' title='bbox 431 925 624 1001; x_wconf 88' lang='lat' dir='ltr'><strong>sententiam</strong></span> <span class='ocrx_word' id='word_1_47' title='bbox 656 937 823 1022; x_wconf 83' lang='lat' dir='ltr'><strong>impulisse</strong></span> <span class='ocrx_word' id='word_1_48' title='bbox 856 937 964 1018; x_wconf 92' lang='lat' dir='ltr'><strong>credo,</strong></span> <span class='ocrx_word' id='word_1_49' title='bbox 992 945 1028 1002; x_wconf 91' lang='grc'><strong>81</strong></span> <span class='ocrx_word' id='word_1_50' title='bbox 1049 935 1236 1004; x_wconf 77' lang='lat' dir='ltr'><strong>Domitiani</strong></span> 
     </span>
     <span class='ocr_line' id='line_1_8' title="bbox 123 1044 1233 1134; baseline -0.003 -23"><span class='ocrx_word' id='word_1_51' title='bbox 123 1048 258 1113; x_wconf 84' lang='lat' dir='ltr'>adderet</span> <span class='ocrx_word' id='word_1_52' title='bbox 289 1054 365 1132; x_wconf 90' lang='grc'><strong>8881</strong></span> <span class='ocrx_word' id='word_1_53' title='bbox 389 1049 624 1132; x_wconf 76' lang='lat' dir='ltr'><strong>pantomimum</strong></span> <span class='ocrx_word' id='word_1_54' title='bbox 646 1056 678 1111; x_wconf 91' lang='lat' dir='ltr'><strong>et</strong></span> <span class='ocrx_word' id='word_1_55' title='bbox 700 1049 741 1112; x_wconf 92' lang='lat' dir='ltr'><strong>P.</strong></span> <span class='ocrx_word' id='word_1_56' title='bbox 765 1044 908 1111; x_wconf 80' lang='lat' dir='ltr'><strong>Statium</strong></span> <span class='ocrx_word' id='word_1_57' title='bbox 935 1056 1012 1134; x_wconf 90' lang='lat' dir='ltr'><strong>post</strong></span> <span class='ocrx_word' id='word_1_58' title='bbox 1033 1057 1233 1131; x_wconf 81' lang='lat' dir='ltr'><strong>pactamque.</strong></span> 
     </span>
     <span class='ocr_line' id='line_1_9' title="bbox 123 1152 1234 1243; baseline -0.005 -17"><span class='ocrx_word' id='word_1_59' title='bbox 123 1158 197 1230; x_wconf 51' lang='lat' dir='ltr'><strong>Sed¹</strong></span> <span class='ocrx_word' id='word_1_60' title='bbox 212 1181 253 1222; x_wconf 91' lang='lat' dir='ltr'><strong>ne</strong></span> <span class='ocrx_word' id='word_1_61' title='bbox 273 1157 319 1223; x_wconf 91' lang='lat' dir='ltr'><strong>ita</strong></span> <span class='ocrx_word' id='word_1_62' title='bbox 339 1159 469 1242; x_wconf 92' lang='lat' dir='ltr'><strong>quidem</strong></span> <span class='ocrx_word' id='word_1_63' title='bbox 496 1158 543 1223; x_wconf 92' lang='lat' dir='ltr'><strong>rei</strong></span> <span class='ocrx_word' id='word_1_64' title='bbox 557 1157 695 1222; x_wconf 83' lang='lat' dir='ltr'><strong>acutius</strong></span> <span class='ocrx_word' id='word_1_65' title='bbox 718 1158 948 1242; x_wconf 81' lang='lat' dir='ltr'><strong>expendendae</strong></span> <span class='ocrx_word' id='word_1_66' title='bbox 969 1181 1028 1243; x_wconf 89' lang='lat' dir='ltr'><strong>par</strong></span> <span class='ocrx_word' id='word_1_67' title='bbox 1050 1156 1120 1220; x_wconf 84' lang='lat' dir='ltr'><strong>fuit.</strong></span> <span class='ocrx_word' id='word_1_68' title='bbox 1164 1152 1234 1240; x_wconf 93' lang='lat' dir='ltr'><strong>Op·</strong></span> 
     </span>
     <span class='ocr_line' id='line_1_10' title="bbox 122 1267 1234 1353; baseline 0.001 -22"><span class='ocrx_word' id='word_1_69' title='bbox 122 1269 202 1332; x_wconf 89' lang='lat' dir='ltr'><strong>tima</strong></span> <span class='ocrx_word' id='word_1_70' title='bbox 223 1270 310 1333; x_wconf 89' lang='lat' dir='ltr'><strong>recte</strong></span> <span class='ocrx_word' id='word_1_71' title='bbox 338 1270 562 1351; x_wconf 85' lang='lat' dir='ltr'><strong>concinneque</strong></span> <span class='ocrx_word' id='word_1_72' title='bbox 590 1269 774 1353; x_wconf 87' lang='lat' dir='ltr'><strong>exponendi</strong></span> <span class='ocrx_word' id='word_1_73' title='bbox 800 1268 952 1332; x_wconf 82' lang='lat' dir='ltr'><strong>facultate</strong></span> <span class='ocrx_word' id='word_1_74' title='bbox 981 1267 1028 1332; x_wconf 90' lang='lat' dir='ltr'><strong>sic</strong></span> <span class='ocrx_word' id='word_1_75' title='bbox 1050 1267 1158 1332; x_wconf 89' lang='lat' dir='ltr'><strong>oblata</strong></span> <span class='ocrx_word' id='word_1_76' title='bbox 1180 1289 1234 1332; x_wconf 87' lang='lat' dir='ltr'><strong>eo-</strong></span> 
     </span>
     <span class='ocr_line' id='line_1_11' title="bbox 123 1362 1254 1463; baseline 0.001 -20"><span class='ocrx_word' id='word_1_77' title='bbox 123 1379 197 1444; x_wconf 88' lang='lat' dir='ltr'><strong>dem</strong></span> <span class='ocrx_word' id='word_1_78' title='bbox 218 1379 284 1444; x_wconf 89' lang='lat' dir='ltr'><strong>fere</strong></span> <span class='ocrx_word' id='word_1_79' title='bbox 312 1379 408 1444; x_wconf 91' lang='lat' dir='ltr'><strong>modo</strong></span> <span class='ocrx_word' id='word_1_80' title='bbox 426 1379 562 1444; x_wconf 53' lang='lat' dir='ltr'><strong>*abusus</strong></span> <span class='ocrx_word' id='word_1_81' title='bbox 591 1388 656 1460; x_wconf 89' lang='lat' dir='ltr'><strong>est,</strong></span> <span class='ocrx_word' id='word_1_82' title='bbox 689 1400 753 1461; x_wconf 90' lang='lat' dir='ltr'><strong>quo</strong></span> <span class='ocrx_word' id='word_1_83' title='bbox 782 1379 838 1462; x_wconf 93' lang='lat' dir='ltr'><strong>qui</strong></span> <span class='ocrx_word' id='word_1_84' title='bbox 864 1376 1031 1444; x_wconf 87' lang='lat' dir='ltr'><strong>Neronem</strong></span> <span class='ocrx_word' id='word_1_85' title='bbox 1063 1362 1254 1463; x_wconf 28' lang='lat' dir='ltr'><strong>amplecte-¹</strong></span> 
     </span>
     <span class='ocr_line' id='line_1_12' title="bbox 99 1485 1232 1574; baseline -0.003 -19"><span class='ocrx_word' id='word_1_86' title='bbox 99 1532 105 1555; x_wconf 62' lang='lat' dir='ltr'><strong><em>s</em></strong></span> <span class='ocrx_word' id='word_1_87' title='bbox 123 1489 246 1553; x_wconf 88' lang='lat' dir='ltr'><strong>bantur.</strong></span> <span class='ocrx_word' id='word_1_88' title='bbox 280 1489 480 1574; x_wconf 80' lang='lat' dir='ltr'><strong>Quamquam</strong></span> <span class='ocrx_word' id='word_1_89' title='bbox 504 1488 589 1554; x_wconf 94' lang='lat' dir='ltr'><strong>enim</strong></span> <span class='ocrx_word' id='word_1_90' title='bbox 606 1487 727 1568; x_wconf 82' lang='lat' dir='ltr'><strong>omnia,</strong></span> <span class='ocrx_word' id='word_1_91' title='bbox 745 1509 827 1570; x_wconf 90' lang='lat' dir='ltr'><strong>quae</strong></span> <span class='ocrx_word' id='word_1_92' title='bbox 844 1489 993 1573; x_wconf 89' lang='lat' dir='ltr'><strong>praebuit</strong></span> <span class='ocrx_word' id='word_1_93' title='bbox 1010 1485 1077 1551; x_wconf 86' lang='lat' dir='ltr'><strong>vita</strong></span> <span class='ocrx_word' id='word_1_94' title='bbox 1091 1485 1232 1573; x_wconf 87' lang='lat' dir='ltr'><strong>I,·paene</strong></span> 
     </span>
     <span class='ocr_line' id='line_1_13' title="bbox 120 1596 1233 1686; baseline -0.001 -23"><span class='ocrx_word' id='word_1_95' title='bbox 120 1600 254 1664; x_wconf 86' lang='lat' dir='ltr'><strong>immota</strong></span> <span class='ocrx_word' id='word_1_96' title='bbox 280 1602 316 1664; x_wconf 89' lang='lat' dir='ltr'><strong>in</strong></span> <span class='ocrx_word' id='word_1_97' title='bbox 345 1622 436 1686; x_wconf 87' lang='lat' dir='ltr'><strong>suam</strong></span> <span class='ocrx_word' id='word_1_98' title='bbox 457 1621 524 1662; x_wconf 90' lang='lat' dir='ltr'><strong>rem</strong></span> <span class='ocrx_word' id='word_1_99' title='bbox 553 1599 727 1680; x_wconf 85' lang='lat' dir='ltr'><strong>convertit,</strong></span> <span class='ocrx_word' id='word_1_100' title='bbox 755 1596 954 1662; x_wconf 89' lang='lat' dir='ltr'><strong>tamennon</strong></span> <span class='ocrx_word' id='word_1_101' title='bbox 982 1607 1150 1669; x_wconf 87' lang='lat' dir='ltr'><strong>assecutus</strong></span> <span class='ocrx_word' id='word_1_102' title='bbox 1173 1610 1233 1681; x_wconf 82' lang='lat' dir='ltr'><strong>est,</strong></span> 
     </span>
     <span class='ocr_line' id='line_1_14' title="bbox 120 1687 1316 1797; baseline 0.001 -25"><span class='ocrx_word' id='word_1_103' title='bbox 120 1709 226 1795; x_wconf 83' lang='lat' dir='ltr'><strong>qualis</strong></span> <span class='ocrx_word' id='word_1_104' title='bbox 249 1709 332 1774; x_wconf 89' lang='lat' dir='ltr'><strong>ratio</strong></span> <span class='ocrx_word' id='word_1_105' title='bbox 356 1708 593 1796; x_wconf 87' lang='lat' dir='ltr'><strong>intersatiram</strong></span> <span class='ocrx_word' id='word_1_106' title='bbox 620 1707 653 1797; x_wconf 88' lang='lat' dir='ltr'><strong>in</strong></span> <span class='ocrx_word' id='word_1_107' title='bbox 679 1687 830 1772; x_wconf 75' lang='lat' dir='ltr'><strong>Paridem</strong></span> <span class='ocrx_word' id='word_1_108' title='bbox 864 1708 1025 1774; x_wconf 89' lang='lat' dir='ltr'><strong>scribendi</strong></span> <span class='ocrx_word' id='word_1_109' title='bbox 1053 1708 1233 1794; x_wconf 90' lang='lat' dir='ltr'><strong>edendique</strong></span> <span class='ocrx_word' id='word_1_110' title='bbox 1314 1745 1316 1748; x_wconf 56' lang='lat'>&gt;</span> 
     </span>
     <span class='ocr_line' id='line_1_15' title="bbox 120 1815 1233 1906; baseline 0.001 -23"><span class='ocrx_word' id='word_1_111' title='bbox 120 1823 247 1902; x_wconf 88' lang='lat' dir='ltr'><strong>tempus</strong></span> <span class='ocrx_word' id='word_1_112' title='bbox 266 1818 489 1884; x_wconf 87' lang='lat' dir='ltr'><strong>intercessisse</strong></span> <span class='ocrx_word' id='word_1_113' title='bbox 501 1818 546 1883; x_wconf 91' lang='lat' dir='ltr'><strong>ibi</strong></span> <span class='ocrx_word' id='word_1_114' title='bbox 558 1826 713 1882; x_wconf 84' lang='lat' dir='ltr'><strong>narretur.</strong></span> <span class='ocrx_word' id='word_1_115' title='bbox 742 1815 865 1884; x_wconf 87' lang='lat' dir='ltr'><strong>Statuit</strong></span> <span class='ocrx_word' id='word_1_116' title='bbox 882 1820 981 1906; x_wconf 85' lang='lat' dir='ltr'><strong>igitur</strong></span> <span class='ocrx_word' id='word_1_117' title='bbox 996 1821 1025 1885; x_wconf 93' lang='lat' dir='ltr'><strong>is</strong></span> <span class='ocrx_word' id='word_1_118' title='bbox 1042 1841 1180 1906; x_wconf 90' lang='lat' dir='ltr'><strong>quoque,</strong></span> <span class='ocrx_word' id='word_1_119' title='bbox 1194 1818 1233 1884; x_wconf 89' lang='lat' dir='ltr'><strong>de</strong></span> 
     </span>
     <span class='ocr_line' id='line_1_16' title="bbox 123 1922 1233 2013; baseline 0.003 -21"><span class='ocrx_word' id='word_1_120' title='bbox 123 1930 211 1993; x_wconf 94' lang='lat' dir='ltr'><strong>omni</strong></span> <span class='ocrx_word' id='word_1_121' title='bbox 229 1931 319 2013; x_wconf 82' lang='lat' dir='ltr'><strong>justo</strong></span> <span class='ocrx_word' id='word_1_122' title='bbox 347 1922 469 2010; x_wconf 79' lang='lat' dir='ltr'><strong>ordine,</strong></span> <span class='ocrx_word' id='word_1_123' title='bbox 503 1950 597 2012; x_wconf 90' lang='lat' dir='ltr'><strong>quem</strong></span> <span class='ocrx_word' id='word_1_124' title='bbox 629 1931 715 1994; x_wconf 85' lang='lat' dir='ltr'><strong>vitae</strong></span> <span class='ocrx_word' id='word_1_125' title='bbox 737 1927 755 1990; x_wconf 96' lang='lat' dir='ltr'>I</span> <span class='ocrx_word' id='word_1_126' title='bbox 776 1925 927 2012; x_wconf 76' lang='lat' dir='ltr'><strong>debebat,</strong></span> <span class='ocrx_word' id='word_1_127' title='bbox 955 1951 1103 2010; x_wconf 90' lang='lat' dir='ltr'><strong>securus,</strong></span> <span class='ocrx_word' id='word_1_128' title='bbox 1131 1931 1233 1996; x_wconf 83' lang='lat' dir='ltr'><strong>Juve-</strong></span> 
     </span>
     <span class='ocr_line' id='line_1_17' title="bbox 76 2039 1231 2125; baseline 0.003 -22"><span class='ocrx_word' id='word_1_129' title='bbox 76 2054 80 2065; x_wconf 65' lang='lat'>‘</span> <span class='ocrx_word' id='word_1_130' title='bbox 121 2039 228 2104; x_wconf 87' lang='lat' dir='ltr'><strong>nalem</strong></span> <span class='ocrx_word' id='word_1_131' title='bbox 255 2039 442 2105; x_wconf 80' lang='lat' dir='ltr'><strong>abeodem</strong></span> <span class='ocrx_word' id='word_1_132' title='bbox 474 2041 678 2125; x_wconf 88' lang='lat' dir='ltr'><strong>imperatore,</strong></span> <span class='ocrx_word' id='word_1_133' title='bbox 705 2039 739 2102; x_wconf 92' lang='lat' dir='ltr'><strong>id</strong></span> <span class='ocrx_word' id='word_1_134' title='bbox 761 2050 812 2107; x_wconf 90' lang='lat' dir='ltr'><strong>cst</strong></span> <span class='ocrx_word' id='word_1_135' title='bbox 833 2064 852 2104; x_wconf 90' lang='lat' dir='ltr'><strong>a</strong></span> <span class='ocrx_word' id='word_1_136' title='bbox 874 2041 1074 2124; x_wconf 89' lang='lat' dir='ltr'><strong>Domitiano,</strong></span> <span class='ocrx_word' id='word_1_137' title='bbox 1103 2042 1137 2105; x_wconf 93' lang='lat' dir='ltr'><strong>in</strong></span> <span class='ocrx_word' id='word_1_138' title='bbox 1165 2043 1231 2106; x_wconf 85' lang='lat' dir='ltr'><strong>exi-</strong></span> 
     </span>
     <span class='ocr_line' id='line_1_18' title="bbox 120 2150 1298 2244; baseline 0.005 -32"><span class='ocrx_word' id='word_1_139' title='bbox 120 2151 198 2215; x_wconf 89' lang='lat' dir='ltr'><strong>lium</strong></span> <span class='ocrx_word' id='word_1_140' title='bbox 220 2150 355 2215; x_wconf 91' lang='lat' dir='ltr'><strong>missum</strong></span> <span class='ocrx_word' id='word_1_141' title='bbox 377 2173 459 2231; x_wconf 87' lang='lat' dir='ltr'><strong>esse,</strong></span> <span class='ocrx_word' id='word_1_142' title='bbox 483 2154 574 2234; x_wconf 84' lang='lat' dir='ltr'><strong>cujus</strong></span> <span class='ocrx_word' id='word_1_143' title='bbox 591 2150 743 2215; x_wconf 88' lang='lat' dir='ltr'><strong>Paridem</strong></span> <span class='ocrx_word' id='word_1_144' title='bbox 758 2152 991 2235; x_wconf 89' lang='lat' dir='ltr'><strong>pantomimum</strong></span> <span class='ocrx_word' id='word_1_145' title='bbox 1008 2154 1142 2218; x_wconf 87' lang='lat' dir='ltr'><strong>famosis</strong></span> <span class='ocrx_word' id='word_1_146' title='bbox 1164 2152 1230 2217; x_wconf 91' lang='grc'><strong>11118</strong></span> <span class='ocrx_word' id='word_1_147' title='bbox 1295 2225 1298 2244; x_wconf 43' lang='grc'><strong>,</strong></span> 
     </span>
     <span class='ocr_line' id='line_1_19' title="bbox 119 2259 1232 2347; baseline 0.006 -24"><span class='ocrx_word' id='word_1_148' title='bbox 119 2260 268 2324; x_wconf 84' lang='lat' dir='ltr'><strong>versibus</strong></span> <span class='ocrx_word' id='word_1_149' title='bbox 300 2260 466 2325; x_wconf 88' lang='lat' dir='ltr'><strong>irrisisset.</strong></span> <span class='ocrx_word' id='word_1_150' title='bbox 509 2259 624 2342; x_wconf 88' lang='lat' dir='ltr'><strong>Itaque</strong></span> <span class='ocrx_word' id='word_1_151' title='bbox 651 2260 758 2343; x_wconf 92' lang='lat' dir='ltr'><strong>ipsum</strong></span> <span class='ocrx_word' id='word_1_152' title='bbox 791 2283 907 2325; x_wconf 92' lang='lat' dir='ltr'><strong>nomen</strong></span> <span class='ocrx_word' id='word_1_153' title='bbox 941 2263 1120 2328; x_wconf 88' lang='lat' dir='ltr'><strong>Domitiani</strong></span> <span class='ocrx_word' id='word_1_154' title='bbox 1153 2267 1232 2347; x_wconf 90' lang='lat' dir='ltr'><strong>quin</strong></span> 
     </span>
     <span class='ocr_line' id='line_1_20' title="bbox 121 2367 1239 2461; baseline 0.005 -29"><span class='ocrx_word' id='word_1_155' title='bbox 121 2368 185 2433; x_wconf 89' lang='lat' dir='ltr'><strong>hoc</strong></span> <span class='ocrx_word' id='word_1_156' title='bbox 207 2367 304 2431; x_wconf 91' lang='lat' dir='ltr'><strong>modo</strong></span> <span class='ocrx_word' id='word_1_157' title='bbox 327 2389 401 2432; x_wconf 92' lang='lat' dir='ltr'><strong>cum</strong></span> <span class='ocrx_word' id='word_1_158' title='bbox 421 2367 518 2431; x_wconf 86' lang='lat' dir='ltr'><strong>exilio</strong></span> <span class='ocrx_word' id='word_1_159' title='bbox 541 2367 696 2454; x_wconf 84' lang='lat' dir='ltr'><strong>conjungi</strong></span> <span class='ocrx_word' id='word_1_160' title='bbox 724 2375 877 2457; x_wconf 87' lang='lat' dir='ltr'><strong>coeptum</strong></span> <span class='ocrx_word' id='word_1_161' title='bbox 902 2369 1032 2461; x_wconf 78' lang='lat' dir='ltr'><strong>sitnon</strong></span> <span class='ocrx_word' id='word_1_162' title='bbox 1054 2371 1177 2452; x_wconf 88' lang='lat' dir='ltr'><strong>dubito,</strong></span> <span class='ocrx_word' id='word_1_163' title='bbox 1201 2382 1239 2450; x_wconf 77' lang='grc'><strong>811</strong></span> 
     </span>
     <span class='ocr_line' id='line_1_21' title="bbox 120 2476 1229 2567; baseline 0.005 -27"><span class='ocrx_word' id='word_1_164' title='bbox 120 2479 157 2542; x_wconf 85' lang='lat' dir='ltr'><strong>in&#39;</strong></span> <span class='ocrx_word' id='word_1_165' title='bbox 188 2477 335 2559; x_wconf 87' lang='lat' dir='ltr'><strong>scholiis·</strong></span> <span class='ocrx_word' id='word_1_166' title='bbox 355 2499 440 2541; x_wconf 94' lang='lat' dir='ltr'><strong>nunc</strong></span> <span class='ocrx_word' id='word_1_167' title='bbox 471 2478 517 2541; x_wconf 90' lang='lat' dir='ltr'><strong>ita</strong></span> <span class='ocrx_word' id='word_1_168' title='bbox 554 2476 727 2562; x_wconf 89' lang='lat' dir='ltr'><strong>profertur,</strong></span> <span class='ocrx_word' id='word_1_169' title='bbox 755 2483 791 2540; x_wconf 92' lang='lat' dir='ltr'><strong>ut</strong></span> <span class='ocrx_word' id='word_1_170' title='bbox 823 2499 857 2542; x_wconf 90' lang='lat' dir='ltr'><strong>se</strong></span> <span class='ocrx_word' id='word_1_171' title='bbox 892 2477 1004 2544; x_wconf 89' lang='lat' dir='ltr'><strong>eadem</strong></span> <span class='ocrx_word' id='word_1_172' title='bbox 1037 2482 1229 2567; x_wconf 84' lang='lat' dir='ltr'><strong>conjiciendi</strong></span> 
     </span>
     <span class='ocr_line' id='line_1_22' title="bbox 121 2578 1229 2681; baseline 0.005 -28"><span class='ocrx_word' id='word_1_173' title='bbox 121 2578 364 2674; x_wconf 87' lang='lat' dir='ltr'><strong>opportunitate</strong></span> <span class='ocrx_word' id='word_1_174' title='bbox 392 2599 553 2672; x_wconf 91' lang='lat' dir='ltr'><strong>repertum</strong></span> <span class='ocrx_word' id='word_1_175' title='bbox 586 2610 657 2653; x_wconf 90' lang='lat' dir='ltr'><strong>esse</strong></span> <span class='ocrx_word' id='word_1_176' title='bbox 690 2587 861 2675; x_wconf 81' lang='lat' dir='ltr'><strong>significet.</strong></span> <span class='ocrx_word' id='word_1_177' title='bbox 924 2588 986 2681; x_wconf 84' lang='lat' dir='ltr'><strong>Ait</strong></span> <span class='ocrx_word' id='word_1_178' title='bbox 1013 2590 1098 2655; x_wconf 89' lang='lat' dir='ltr'><strong>enim</strong></span> <span class='ocrx_word' id='word_1_179' title='bbox 1127 2591 1229 2658; x_wconf 85' lang='lat' dir='ltr'><strong>schol.</strong></span> 
     </span>
     <span class='ocr_line' id='line_1_23' title="bbox 121 2697 1229 2787; baseline 0.005 -26"><span class='ocrx_word' id='word_1_180' title='bbox 121 2699 161 2763; x_wconf 89' lang='lat' dir='ltr'><strong>ad</strong></span> <span class='ocrx_word' id='word_1_181' title='bbox 194 2708 252 2764; x_wconf 89' lang='lat' dir='ltr'><strong>sat.</strong></span> <span class='ocrx_word' id='word_1_182' title='bbox 286 2697 304 2761; x_wconf 96' lang='lat' dir='ltr'>I</span> <span class='ocrx_word' id='word_1_183' title='bbox 339 2702 365 2760; x_wconf 88' lang='lat' dir='ltr'><strong>l:</strong></span> <span class='ocrx_word' id='word_1_184' title='bbox 399 2698 609 2763; x_wconf 82' lang='lat' dir='ltr'><strong>&#39;&#39;Juvenalem</strong></span> <span class='ocrx_word' id='word_1_185' title='bbox 647 2697 746 2782; x_wconf 87' lang='lat' dir='ltr'><strong>aliqui</strong></span> <span class='ocrx_word' id='word_1_186' title='bbox 779 2698 911 2766; x_wconf 89' lang='lat' dir='ltr'><strong>Gallum</strong></span> <span class='ocrx_word' id='word_1_187' title='bbox 947 2708 1083 2786; x_wconf 90' lang='lat' dir='ltr'><strong>propter</strong></span> <span class='ocrx_word' id='word_1_188' title='bbox 1115 2722 1229 2787; x_wconf 91' lang='lat' dir='ltr'><strong>corpo·</strong></span> 
     </span>
     <span class='ocr_line' id='line_1_24' title="bbox 120 2807 1230 2895; baseline 0.002 -22"><span class='ocrx_word' id='word_1_189' title='bbox 120 2810 164 2874; x_wconf 89' lang='lat' dir='ltr'><strong>ris</strong></span> <span class='ocrx_word' id='word_1_190' title='bbox 197 2810 452 2895; x_wconf 85' lang='lat' dir='ltr'><strong>magnitudinem</strong></span> <span class='ocrx_word' id='word_1_191' title='bbox 465 2809 502 2893; x_wconf 76' lang='lat'><strong>¹),</strong></span> <span class='ocrx_word' id='word_1_192' title='bbox 536 2807 633 2892; x_wconf 87' lang='lat' dir='ltr'><strong>aliqui</strong></span> <span class='ocrx_word' id='word_1_193' title='bbox 667 2807 864 2893; x_wconf 82' lang='lat' dir='ltr'><strong>Aquinatem</strong></span> <span class='ocrx_word' id='word_1_194' title='bbox 896 2810 1017 2874; x_wconf 91' lang='lat' dir='ltr'><strong>dicunt.</strong></span> <span class='ocrx_word' id='word_1_195' title='bbox 1071 2812 1120 2876; x_wconf 81' lang='lat' dir='ltr'><strong>Ea</strong></span> <span class='ocrx_word' id='word_1_196' title='bbox 1151 2821 1230 2876; x_wconf 91' lang='lat' dir='ltr'><strong>tem·</strong></span> 
     </span>
     <span class='ocr_line' id='line_1_25' title="bbox 120 2917 1240 3011; baseline 0.002 -28"><span class='ocrx_word' id='word_1_197' title='bbox 120 2942 202 3005; x_wconf 90' lang='lat' dir='ltr'><strong>pora</strong></span> <span class='ocrx_word' id='word_1_198' title='bbox 222 2919 406 3008; x_wconf 86' lang='lat' dir='ltr'><strong>Domiciani</strong></span> <span class='ocrx_word' id='word_1_199' title='bbox 428 2918 574 3003; x_wconf 84' lang='lat' dir='ltr'><strong>tyranni,</strong></span> <span class='ocrx_word' id='word_1_200' title='bbox 597 2917 714 3000; x_wconf 92' lang='lat' dir='ltr'><strong>quibus</strong></span> <span class='ocrx_word' id='word_1_201' title='bbox 737 2917 833 2982; x_wconf 86' lang='lat' dir='ltr'><strong>etiam</strong></span> <span class='ocrx_word' id='word_1_202' title='bbox 856 2919 926 3003; x_wconf 91' lang='lat' dir='ltr'><strong>ipse</strong></span> <span class='ocrx_word' id='word_1_203' title='bbox 954 2921 1051 3000; x_wconf 87' lang='lat' dir='ltr'><strong>vixit,</strong></span> <span class='ocrx_word' id='word_1_204' title='bbox 1068 2943 1118 3011; x_wconf 86' lang='lat' dir='ltr'><strong>eo</strong></span> <span class='ocrx_word' id='word_1_205' title='bbox 1141 2920 1240 3008; x_wconf 87' lang='lat' dir='ltr'><strong>quod</strong></span> 
     </span>
    </p>
   </div>
   <div class='ocr_carea' id='block_1_3' title="bbox 121 3082 321 3094">
    <p class='ocr_par' dir='ltr' id='par_1_3' title="bbox 121 3082 321 3094">
     <span class='ocr_line' id='line_1_26' title="bbox 121 3082 321 3094; baseline 0 0"><span class='ocrx_word' id='word_1_206' title='bbox 121 3082 321 3094; x_wconf 43' lang='grc' dir='ltr'><strong>*Ὀσυ-</strong></span> 
     </span>
    </p>
   </div>
   <div class='ocr_carea' id='block_1_4' title="bbox 81 3158 1334 3622">
    <p class='ocr_par' dir='ltr' id='par_1_4' title="bbox 81 3158 1334 3622">
     <span class='ocr_line' id='line_1_27' title="bbox 120 3158 1227 3252; baseline 0.002 -20"><span class='ocrx_word' id='word_1_207' title='bbox 120 3178 372 3248; x_wconf 85' lang='lat' dir='ltr'><strong>praetermittendam</strong></span> <span class='ocrx_word' id='word_1_208' title='bbox 400 3187 487 3250; x_wconf 88' lang='lat' dir='ltr'><strong>putavi</strong></span> <span class='ocrx_word' id='word_1_209' title='bbox 515 3189 692 3252; x_wconf 84' lang='lat' dir='ltr'><strong>conjecturam</strong></span> <span class='ocrx_word' id='word_1_210' title='bbox 714 3202 731 3234; x_wconf 84' lang='lat' dir='ltr'><strong>a</strong></span> <span class='ocrx_word' id='word_1_211' title='bbox 753 3158 1027 3251; x_wconf 83' lang='lat' dir='ltr'><strong>Sehnrzilaisehiq</strong></span> <span class='ocrx_word' id='word_1_212' title='bbox 1052 3186 1079 3233; x_wconf 94' lang='lat' dir='ltr'><strong>in</strong></span> <span class='ocrx_word' id='word_1_213' title='bbox 1103 3184 1227 3251; x_wconf 73' lang='lat' dir='ltr'><strong>spicileg.</strong></span> 
     </span>
     <span class='ocr_line' id='line_1_28' title="bbox 121 3275 1334 3350; baseline 0.002 -23"><span class='ocrx_word' id='word_1_214' title='bbox 121 3285 208 3327; x_wconf 85' lang='lat' dir='ltr'><strong>annot.</strong></span> <span class='ocrx_word' id='word_1_215' title='bbox 227 3281 254 3327; x_wconf 92' lang='lat' dir='ltr'><strong>in</strong></span> <span class='ocrx_word' id='word_1_216' title='bbox 272 3279 331 3327; x_wconf 86' lang='lat' dir='ltr'><strong>Jnv.</strong></span> <span class='ocrx_word' id='word_1_217' title='bbox 351 3278 406 3328; x_wconf 86' lang='lat' dir='ltr'><strong>Sat.</strong></span> <span class='ocrx_word' id='word_1_218' title='bbox 424 3281 561 3342; x_wconf 87' lang='lat' dir='ltr'><strong>(Vinariae</strong></span> <span class='ocrx_word' id='word_1_219' title='bbox 580 3280 655 3341; x_wconf 82' lang='lat'>1717)</span> <span class='ocrx_word' id='word_1_220' title='bbox 678 3295 702 3342; x_wconf 91' lang='lat' dir='ltr'><strong>p.</strong></span> <span class='ocrx_word' id='word_1_221' title='bbox 721 3281 752 3328; x_wconf 84' lang='grc'><strong>97</strong></span> <span class='ocrx_word' id='word_1_222' title='bbox 770 3279 1012 3328; x_wconf 74' lang='grc'><strong>81118188181818</strong></span> <span class='ocrx_word' id='word_1_223' title='bbox 1035 3275 1102 3327; x_wconf 90' lang='lat' dir='ltr'><strong>Bibl.</strong></span> <span class='ocrx_word' id='word_1_224' title='bbox 1119 3277 1178 3328; x_wconf 87' lang='lat' dir='ltr'><strong>Lat.</strong></span> <span class='ocrx_word' id='word_1_225' title='bbox 1196 3281 1228 3330; x_wconf 90' lang='grc' dir='ltr'><strong>Τ.</strong></span> <span class='ocrx_word' id='word_1_226' title='bbox 1327 3336 1334 3350; x_wconf 72' lang='lat'><strong>.</strong></span> 
     </span>
     <span class='ocr_line' id='line_1_29' title="bbox 119 3355 1228 3437; baseline 0.001 -16"><span class='ocrx_word' id='word_1_227' title='bbox 119 3365 189 3436; x_wconf 75' lang='grc'><strong>118.</strong></span> <span class='ocrx_word' id='word_1_228' title='bbox 208 3371 256 3422; x_wconf 87' lang='grc'><strong>357</strong></span> <span class='ocrx_word' id='word_1_229' title='bbox 275 3374 337 3434; x_wconf 90' lang='lat' dir='ltr'><strong>(vid.</strong></span> <span class='ocrx_word' id='word_1_230' title='bbox 356 3355 519 3436; x_wconf 60' lang='grc'><strong>118188881-</strong></span> <span class='ocrx_word' id='word_1_231' title='bbox 539 3390 559 3421; x_wconf 87' lang='grc'><strong>8.</strong></span> <span class='ocrx_word' id='word_1_232' title='bbox 579 3389 603 3437; x_wconf 85' lang='lat' dir='ltr'><strong>p.</strong></span> <span class='ocrx_word' id='word_1_233' title='bbox 618 3373 675 3429; x_wconf 76' lang='lat'>266)</span> <span class='ocrx_word' id='word_1_234' title='bbox 695 3359 835 3436; x_wconf 70' lang='lat' dir='ltr'><strong>prolatam,</strong></span> <span class='ocrx_word' id='word_1_235' title='bbox 854 3387 870 3420; x_wconf 88' lang='lat' dir='ltr'><strong>a</strong></span> <span class='ocrx_word' id='word_1_236' title='bbox 887 3370 1011 3434; x_wconf 81' lang='lat' dir='ltr'><strong>Rupertio</strong></span> <span class='ocrx_word' id='word_1_237' title='bbox 1030 3380 1055 3420; x_wconf 90' lang='lat' dir='ltr'><strong>et</strong></span> <span class='ocrx_word' id='word_1_238' title='bbox 1073 3371 1228 3422; x_wconf 87' lang='lat' dir='ltr'><strong>Achaintrio</strong></span> 
     </span>
     <span class='ocr_line' id='line_1_30' title="bbox 120 3463 1227 3530; baseline -0.004 -14"><span class='ocrx_word' id='word_1_239' title='bbox 120 3470 256 3530; x_wconf 79' lang='lat' dir='ltr'><strong>receptam,</strong></span> <span class='ocrx_word' id='word_1_240' title='bbox 275 3466 300 3515; x_wconf 83' lang='lat' dir='ltr'><strong>h.</strong></span> <span class='ocrx_word' id='word_1_241' title='bbox 318 3467 336 3513; x_wconf 91' lang='lat' dir='ltr'><strong>l.</strong></span> <span class='ocrx_word' id='word_1_242' title='bbox 356 3463 428 3514; x_wconf 79' lang='lat' dir='ltr'><strong>Calvo</strong></span> <span class='ocrx_word' id='word_1_243' title='bbox 446 3463 554 3526; x_wconf 81' lang='lat' dir='ltr'><strong>Nereae,</strong></span> <span class='ocrx_word' id='word_1_244' title='bbox 573 3474 601 3514; x_wconf 81' lang='lat' dir='ltr'><strong>ut</strong></span> <span class='ocrx_word' id='word_1_245' title='bbox 619 3474 658 3514; x_wconf 88' lang='grc'><strong>881</strong></span> <span class='ocrx_word' id='word_1_246' title='bbox 679 3468 704 3514; x_wconf 91' lang='lat' dir='ltr'><strong>in</strong></span> <span class='ocrx_word' id='word_1_247' title='bbox 729 3463 784 3513; x_wconf 84' lang='lat' dir='ltr'><strong>Sat.</strong></span> <span class='ocrx_word' id='word_1_248' title='bbox 803 3465 843 3513; x_wconf 88' lang='lat' dir='ltr'><strong>IV</strong></span> <span class='ocrx_word' id='word_1_249' title='bbox 862 3463 906 3525; x_wconf 81' lang='lat'><strong>38,</strong></span> <span class='ocrx_word' id='word_1_250' title='bbox 928 3464 1063 3529; x_wconf 84' lang='lat' dir='ltr'><strong>legendum</strong></span> <span class='ocrx_word' id='word_1_251' title='bbox 1086 3479 1150 3513; x_wconf 87' lang='grc'><strong>8888.</strong></span> <span class='ocrx_word' id='word_1_252' title='bbox 1186 3464 1227 3513; x_wconf 81' lang='lat' dir='ltr'><strong>Gi.</strong></span> 
     </span>
     <span class='ocr_line' id='line_1_31' title="bbox 81 3559 923 3622; baseline -0.005 -15"><span class='ocrx_word' id='word_1_253' title='bbox 81 3577 86 3586; x_wconf 91' lang='lat'><em>·</em></span> <span class='ocrx_word' id='word_1_254' title='bbox 119 3560 330 3610; x_wconf 79' lang='lat' dir='ltr'><strong>Franckiusl.</strong></span> <span class='ocrx_word' id='word_1_255' title='bbox 351 3575 371 3608; x_wconf 92' lang='grc'><strong>8.</strong></span> <span class='ocrx_word' id='word_1_256' title='bbox 390 3559 473 3622; x_wconf 83' lang='grc'><strong>816,</strong></span> <span class='ocrx_word' id='word_1_257' title='bbox 493 3560 531 3606; x_wconf 92' lang='grc'><strong>17.</strong></span> <span class='ocrx_word' id='word_1_258' title='bbox 921 3564 923 3572; x_wconf 81' lang='grc'>’</span> 
     </span>
    </p>
   </div>
   <div class='ocr_carea' id='block_1_5' title="bbox 119 3693 1227 3946">
    <p class='ocr_par' dir='ltr' id='par_1_5' title="bbox 119 3693 1227 3946">
     <span class='ocr_line' id='line_1_32' title="bbox 221 3693 1227 3759; baseline -0.001 -14"><span class='ocrx_word' id='word_1_259' title='bbox 221 3697 242 3759; x_wconf 87' lang='lat'><strong>²)</strong></span> <span class='ocrx_word' id='word_1_260' title='bbox 260 3697 344 3759; x_wconf 86' lang='lat' dir='ltr'><strong>Hujus</strong></span> <span class='ocrx_word' id='word_1_261' title='bbox 365 3693 470 3744; x_wconf 88' lang='lat' dir='ltr'><strong>ridiculi</strong></span> <span class='ocrx_word' id='word_1_262' title='bbox 497 3694 633 3743; x_wconf 90' lang='lat' dir='ltr'><strong>commenti</strong></span> <span class='ocrx_word' id='word_1_263' title='bbox 660 3694 787 3757; x_wconf 83' lang='lat' dir='ltr'><strong>originem</strong></span> <span class='ocrx_word' id='word_1_264' title='bbox 813 3694 979 3758; x_wconf 82' lang='lat' dir='ltr'><strong>sagacissime</strong></span> <span class='ocrx_word' id='word_1_265' title='bbox 1006 3695 1137 3756; x_wconf 86' lang='lat' dir='ltr'><strong>aperuisse</strong></span> <span class='ocrx_word' id='word_1_266' title='bbox 1164 3701 1227 3757; x_wconf 87' lang='lat' dir='ltr'><strong>puto</strong></span> 
     </span>
     <span class='ocr_line' id='line_1_33' title="bbox 119 3766 1226 3853; baseline 0 -15"><span class='ocrx_word' id='word_1_267' title='bbox 119 3788 291 3850; x_wconf 73' lang='lat' dir='ltr'><strong>aranearum,</strong></span> <span class='ocrx_word' id='word_1_268' title='bbox 310 3791 388 3852; x_wconf 90' lang='lat' dir='ltr'><strong>quil.</strong></span> <span class='ocrx_word' id='word_1_269' title='bbox 407 3766 428 3836; x_wconf 90' lang='grc'><strong>8.</strong></span> <span class='ocrx_word' id='word_1_270' title='bbox 445 3778 470 3851; x_wconf 83' lang='lat' dir='ltr'><strong>p.</strong></span> <span class='ocrx_word' id='word_1_271' title='bbox 491 3786 538 3834; x_wconf 86' lang='grc'><strong>118</strong></span> <span class='ocrx_word' id='word_1_272' title='bbox 564 3795 652 3836; x_wconf 88' lang='lat' dir='ltr'><strong>monet</strong></span> <span class='ocrx_word' id='word_1_273' title='bbox 674 3786 796 3852; x_wconf 70' lang='lat' dir='ltr'><strong>Aquitani</strong></span> <span class='ocrx_word' id='word_1_274' title='bbox 819 3788 1020 3850; x_wconf 85' lang='lat' dir='ltr'><strong>appellationem</strong></span> <span class='ocrx_word' id='word_1_275' title='bbox 1046 3801 1099 3836; x_wconf 91' lang='lat' dir='ltr'><strong>non</strong></span> <span class='ocrx_word' id='word_1_276' title='bbox 1123 3789 1226 3853; x_wconf 83' lang='lat' dir='ltr'><strong>longius</strong></span> 
     </span>
     <span class='ocr_line' id='line_1_34' title="bbox 121 3857 1226 3946; baseline 0 -16"><span class='ocrx_word' id='word_1_277' title='bbox 121 3883 153 3931; x_wconf 89' lang='lat' dir='ltr'><strong>ab</strong></span> <span class='ocrx_word' id='word_1_278' title='bbox 172 3881 302 3946; x_wconf 79' lang='lat' dir='ltr'><strong>Aquinatia</strong></span> <span class='ocrx_word' id='word_1_279' title='bbox 319 3857 448 3940; x_wconf 76' lang='lat' dir='ltr'><strong>recedere,</strong></span> <span class='ocrx_word' id='word_1_280' title='bbox 476 3895 550 3945; x_wconf 85' lang='lat' dir='ltr'><strong>quam</strong></span> <span class='ocrx_word' id='word_1_281' title='bbox 574 3888 603 3930; x_wconf 90' lang='lat' dir='ltr'><strong>ut</strong></span> <span class='ocrx_word' id='word_1_282' title='bbox 625 3881 708 3930; x_wconf 86' lang='lat' dir='ltr'><strong>altera</strong></span> <span class='ocrx_word' id='word_1_283' title='bbox 734 3857 840 3930; x_wconf 84' lang='lat' dir='ltr'><strong>alterius</strong></span> <span class='ocrx_word' id='word_1_284' title='bbox 861 3882 919 3930; x_wconf 88' lang='lat' dir='ltr'><strong>loco</strong></span> <span class='ocrx_word' id='word_1_285' title='bbox 941 3879 1004 3927; x_wconf 85' lang='grc'><strong>81118</strong></span> <span class='ocrx_word' id='word_1_286' title='bbox 1026 3881 1087 3941; x_wconf 89' lang='grc'><strong>8881</strong></span> <span class='ocrx_word' id='word_1_287' title='bbox 1105 3859 1226 3942; x_wconf 79' lang='grc'><strong>88188811.</strong></span> 
     </span>
    </p>
   </div>
   <div class='ocr_carea' id='block_1_6' title="bbox 119 3967 1326 4138">
    <p class='ocr_par' dir='ltr' id='par_1_6' title="bbox 119 3967 1326 4138">
     <span class='ocr_line' id='line_1_35' title="bbox 120 3967 1319 4046; baseline -0.001 -23"><span class='ocrx_word' id='word_1_288' title='bbox 120 3972 309 4046; x_wconf 73' lang='lat' dir='ltr'><strong>&#39;&#39;Aqrtitauum’&#39;,</strong></span> <span class='ocrx_word' id='word_1_289' title='bbox 327 3976 421 4040; x_wconf 87' lang='lat' dir='ltr'><strong>inquit,</strong></span> <span class='ocrx_word' id='word_1_290' title='bbox 441 3972 597 4037; x_wconf 83' lang='lat' dir='ltr'><strong>”aliquando</strong></span> <span class='ocrx_word' id='word_1_291' title='bbox 616 3967 712 4023; x_wconf 88' lang='lat' dir='ltr'><strong>dictum</strong></span> <span class='ocrx_word' id='word_1_292' title='bbox 730 3982 793 4035; x_wconf 90' lang='lat' dir='ltr'><strong>puto</strong></span> <span class='ocrx_word' id='word_1_293' title='bbox 812 3981 914 4037; x_wconf 89' lang='lat' dir='ltr'><strong>poetam</strong></span> <span class='ocrx_word' id='word_1_294' title='bbox 933 3972 1025 4020; x_wconf 85' lang='lat' dir='ltr'><strong>calami</strong></span> <span class='ocrx_word' id='word_1_295' title='bbox 1044 3971 1225 4038; x_wconf 67' lang='grc'><strong>8111888888-</strong></span> <span class='ocrx_word' id='word_1_296' title='bbox 1316 4016 1319 4022; x_wconf 22' lang='lat' dir='ltr'><strong>i</strong></span> 
     </span>
     <span class='ocr_line' id='line_1_36' title="bbox 119 4066 1326 4138; baseline 0 -21"><span class='ocrx_word' id='word_1_297' title='bbox 119 4079 207 4133; x_wconf 79' lang='lat' dir='ltr'><strong>getam</strong></span> <span class='ocrx_word' id='word_1_298' title='bbox 226 4070 253 4118; x_wconf 92' lang='lat' dir='ltr'><strong>id</strong></span> <span class='ocrx_word' id='word_1_299' title='bbox 271 4075 362 4132; x_wconf 83' lang='grc'><strong>888188</strong></span> <span class='ocrx_word' id='word_1_300' title='bbox 380 4069 412 4117; x_wconf 86' lang='grc'><strong>81)</strong></span> <span class='ocrx_word' id='word_1_301' title='bbox 429 4068 555 4131; x_wconf 89' lang='lat' dir='ltr'><strong>imperitis</strong></span> <span class='ocrx_word' id='word_1_302' title='bbox 573 4074 599 4115; x_wconf 91' lang='grc'><strong>81</strong></span> <span class='ocrx_word' id='word_1_303' title='bbox 615 4068 675 4116; x_wconf 91' lang='lat' dir='ltr'><strong>inde</strong></span> <span class='ocrx_word' id='word_1_304' title='bbox 698 4073 786 4115; x_wconf 89' lang='lat' dir='ltr'><strong>natum</strong></span> <span class='ocrx_word' id='word_1_305' title='bbox 805 4068 948 4132; x_wconf 68' lang='lat' dir='ltr'><strong>Jocularem</strong></span> <span class='ocrx_word' id='word_1_306' title='bbox 971 4067 1049 4114; x_wconf 86' lang='lat' dir='ltr'><strong>iatum</strong></span> <span class='ocrx_word' id='word_1_307' title='bbox 1071 4067 1105 4116; x_wconf 87' lang='lat' dir='ltr'><strong>de</strong></span> <span class='ocrx_word' id='word_1_308' title='bbox 1122 4066 1226 4138; x_wconf 82' lang='lat' dir='ltr'><strong>Gallica</strong></span> <span class='ocrx_word' id='word_1_309' title='bbox 1323 4123 1326 4135; x_wconf 33' lang='lat'><strong>¹</strong></span> 
     </span>
    </p>
   </div>
   <div class='ocr_carea' id='block_1_7' title="bbox 117 4159 1224 4315">
    <p class='ocr_par' dir='ltr' id='par_1_7' title="bbox 117 4159 1224 4315">
     <span class='ocr_line' id='line_1_37' title="bbox 119 4159 1224 4234; baseline 0.001 -24"><span class='ocrx_word' id='word_1_310' title='bbox 119 4162 255 4211; x_wconf 80' lang='grc'><strong>7888118118</strong></span> <span class='ocrx_word' id='word_1_311' title='bbox 278 4162 378 4224; x_wconf 83' lang='lat' dir='ltr'><strong>origine</strong></span> <span class='ocrx_word' id='word_1_312' title='bbox 404 4176 528 4219; x_wconf 82' lang='lat' dir='ltr'><strong>errorem,</strong></span> <span class='ocrx_word' id='word_1_313' title='bbox 555 4161 711 4234; x_wconf 76' lang='lat' dir='ltr'><strong>explicatum</strong></span> <span class='ocrx_word' id='word_1_314' title='bbox 735 4175 751 4209; x_wconf 92' lang='lat' dir='ltr'><strong>a</strong></span> <span class='ocrx_word' id='word_1_315' title='bbox 769 4160 911 4212; x_wconf 86' lang='lat' dir='ltr'><strong>scholiasta</strong></span> <span class='ocrx_word' id='word_1_316' title='bbox 931 4159 977 4207; x_wconf 92' lang='grc'><strong>1118</strong></span> <span class='ocrx_word' id='word_1_317' title='bbox 999 4174 1031 4208; x_wconf 84' lang='lat' dir='ltr'><strong>ex</strong></span> <span class='ocrx_word' id='word_1_318' title='bbox 1048 4175 1156 4224; x_wconf 86' lang='lat' dir='ltr'><strong>procera</strong></span> <span class='ocrx_word' id='word_1_319' title='bbox 1173 4167 1224 4212; x_wconf 84' lang='grc'><strong>818-</strong></span> 
     </span>
     <span class='ocr_line' id='line_1_38' title="bbox 117 4253 779 4315; baseline 0 -13"><span class='ocrx_word' id='word_1_320' title='bbox 117 4262 190 4315; x_wconf 87' lang='lat' dir='ltr'><strong>tura,</strong></span> <span class='ocrx_word' id='word_1_321' title='bbox 209 4271 224 4304; x_wconf 88' lang='lat' dir='ltr'><strong>a</strong></span> <span class='ocrx_word' id='word_1_322' title='bbox 241 4262 321 4304; x_wconf 87' lang='lat' dir='ltr'><strong>semet</strong></span> <span class='ocrx_word' id='word_1_323' title='bbox 338 4255 393 4315; x_wconf 89' lang='grc'><strong>1888</strong></span> <span class='ocrx_word' id='word_1_324' title='bbox 411 4253 533 4303; x_wconf 71' lang='lat' dir='ltr'><strong>«iuvenali</strong></span> <span class='ocrx_word' id='word_1_325' title='bbox 552 4260 647 4302; x_wconf 85' lang='lat' dir='ltr'><strong>temere</strong></span> <span class='ocrx_word' id='word_1_326' title='bbox 666 4253 779 4302; x_wconf 80' lang='lat' dir='ltr'><strong>aflicta.”</strong></span> 
     </span>
    </p>
   </div>
   <div class='ocr_carea' id='block_1_8' title="bbox 0 0 1366 4658">
    <p class='ocr_par' dir='ltr' id='par_1_8' title="bbox 0 0 1366 4658">
     <span class='ocr_line' id='line_1_39' title="bbox 0 0 1366 4658; baseline 0 2"><span class='ocrx_word' id='word_1_327' title='bbox 0 0 1366 4658; x_wconf 95' lang='lat' dir='ltr'><strong> </strong></span> 
     </span>
    </p>
   </div>
  </div>
 </body>
</html>
