2722 4658
1160 184 1308 256 41‘

130 375 317 441 claudicans
339 374 482 443 indicare
504 384 595 462 puto.
627 373 723 443 Hanc
746 377 851 463 ipsam
873 376 916 444 ob
938 399 1005 445 rem
1028 399 1093 444 non
1117 370 1258 464 opinari

118 479 242 551 'debuit
274 471 469 572 Pintugerud
492 485 514 549 l.
537 507 564 551 c.
586 509 619 572 p.
644 487 711 554 265.
733 489 848 570 vitam,
882 489 922 555 de
957 511 1021 572 qua
1053 489 1170 576 agitur,
1203 489 1265 554 ab

127 597 202 681 ipso
225 593 412 662 Omnibono
434 595 631 662 Leonicensi
654 598 739 680 sive,
761 607 925 665 utrarum
944 602 1013 687 ejus
1030 621 1147 664 nomen
1164 598 1251 681 fuit,

125 705 165 770 P.
187 707 243 772 Fr.
265 694 433 771 Omolloio
456 708 508 772 vel
530 705 680 790 Molloio,
703 688 913 795 grammatico
935 728 1020 774 saec.
1032 707 1133 790 XVI,
1148 716 1242 773 mort.
1265 688 1269 693 ’

127 837 156 880 a.
181 817 277 900 1524,
300 817 629 901 conscriptam'esse,
659 817 715 899 qui
742 818 803 901 vir,
830 826 868 882 ut
893 817 1033 894 videtur,
1051 816 1141 884 ,haud
1162 817 1242 883 levi·

125 935 177 994 ter
196 908 359 993 ‘eruditus
386 947 423 991 ac
450 926 518 992 sine
548 924 647 992 dubio
679 925 810 1013 linguae
835 925 974 993 Latinae
1001 928 1138 1015 peritior
1164 929 1242 1007 fuit,
1294 962 1315 1020 '.

126 1059 223 1122 quarn
245 1037 342 1122 hujus
370 1037 456 1101 vitae
484 1037 626 1121 scriptor
653 1059 689 1103 se
716 1036 819 1102 fuisse
845 1038 1026 1106 clarissime
1053 1037 1163 1127 prodit
1176 1038 1242 1122 (cf.

124 1143 264 1233 Ruperti
286 1146 323 1212 T.
344 1145 377 1231 I,-
398 1170 430 1232 p.
454 1150 570 1232 cxrx).
614 1146 683 1212 Ubi
717 1156 754 1213 ut
786 1148 913 1214 mittam
944 1156 1132 1234 portentum
1161 1169 1244 1232 pun-

126 1259 350 1324 ttonirnimurn
371 1257 495 1344 (verbis
517 1257 679 1323 Franekii.
694 1257 794 1346 ntor),
822 1257 921 1324 verba
941 1271 1116 1344 praetentu
1146 1259 1256 1324 tono·-

125 1372 176 1434 ria
198 1370 301 1435 alieno
322 1368 532 1456 loco-posita
558 1389 631 1435 esse
658 1369 839 1435 rectissime
867 1368 980 1433 docuit
1004 1368 1186 1436 Franckius
1209 1369 1264 1455 p..·'

126 1482 177 1546 24.
219 1481 348 1547 Deinde
369 1479 441 1546 nix·
467 1478 507 1543 ab
541 1477 616 1562 alio,
649 1477 714 1542 nisi
745 1478 802 1561 qni
835 1479 1064 1564 repetitionem
1097 1479 1242 1565 ejusdem

123 1591 215 1657 verbi
237 1593 364 1678 (praep.
387 1589 518 1674 contra)
546 1589 649 1654 vitare
682 1589 829 1674 imperite
863 1589 1022 1672 studeret,
1056 1589 1156 1655 scribi
1183 1613 1256 1676 p0·‹

93 1787 97 1797 Ι
122 1703 200 1767 tuit:
222 1704 280 1788 qui
302 1702 418 1767 bellum
441 1701 596 1766 Romania
622 1711 789 1773 mouerant
801 1701 840 1785 ¹).
888 1701 941 1765 Ac
967 1700 1046 1784 quid
1073 1699 1180 1767 dicam
1202 1701 1243 1766 de

122 1813 275 1880 extremis
298 1814 385 1878 vitae
407 1811 530 1878 verbis:
558 1833 596 1879 eu
618 1831 678 1897 quo
706 1811 856 1910 ‹effeennn
877 1790 937 1894 eet',
959 1823 996 1876 ut
1010 1823 1111 1897 poeta
1132 1814 1241 1876 animo

122 1935 344 1989 consternatur
366 1943 405 1990 eu
425 1926 541 1989 mentia
563 1923 771 2008 aspritudine
793 1924 890 1988 simui
912 1923 1009 2005 obiit,
1029 1945 1111 2009 quae
1133 1931 1242 1989 tamen

120 2035 275 2117 forsitan,
297 2043 472 2121 praeeunte
493 2035 667 2118 Franckio,
690 2035 738 2101 sic
754 2034 958 2100 restituenda
974 2034 1055 2116 sint,
1077 2042 1113 2098 ut
1133 2034 1254 2119 primo*

120 2146 291 2212 brevitatis
319 2168 417 2212 causa
443 2147 489 2210 ita
516 2147 685 2231 scriptum
708 2146 825 2212 fuisse:
859 2167 898 2210 en
924 2164 993 2230 quo-
1008 2156 1106 2233 poetu
1133 2148 1241 2209 animo

127 2269 351 2322 consternatur
374 2277 413 2320 en
433 2254 549 2319 inentis
572 2256 777 2338 aspritudine
800 2255 897 2337 obiit,
920 2265 1013 2340 atque
1030 2263 1148 2342 postea
1169 2276 1242 2320 ver-

122 2368 163 2432 ba
192 2367 339 2461 effectum
366 2376 412 2428 eat
438 2375 475 2427 ut
503 2373 535 2428 et
563 2365 660 2428 simul
692 2365 767 2451 (pro
790 2352 918 2437 statim)
946 2365 980 2428 in
1012 2366 1157 2450 margine
1186 2365 1258 2429 ad·-

122 2476 245 2561 soripta
266 2476 301 2541 in
322 2476 426 2562 ipsam
450 2475 550 2541 vitam
578 2495 650 2540 esse
677 2473 851 2557 translata,
885 2474 1002 2540 ceteris
1031 2474 1111 2540 nihil
1138 2483 1242 2540 mutae
1305 2557 1308 2563 ¹
1336 2491 1339 2499 “

121 2586 182 2669 tis,
205 2576 426 2672 conjiciamus.
1253 2590 1257 2598 “

222 2696 404 2778 Postremo,
432 2718 472 2761 ne
500 2694 578 2781 quid
611 2696 897 2782 praetermittatur,
927 2697 1092 2762 afferenda
1119 2705 1170 2763 est
1192 2699 1242 2762 vi-

119 2815 171 2872 tae
200 2808 357 2892 (prraedam
392 2807 534 2872 narratio
568 2807 602 2869 in
632 2800 905 2892 Chronograplria
937 2807 1070 2873 Ioannis
1098 2805 1254 2874 Malalae*

120 2919 199 3000 (rec.
229 2918 381 2982 Dindorf.
410 2941 442 3002 p.
466 2917 553 3002 262),
592 2938 674 3000 quae
702 2924 869 2980 contracta
896 2916 1016 3002 legitur
1048 2915 1134 3000 apud
1168 2917 1241 2993 Sui-

119 3029 194 3093 dam
226 3029 259 3092 in
294 3050 365 3091 voc.
394 3023 597 3104 Ἰουβενάλιος
631 3025 694 3113 (ed.
727 3024 930 3110 Bernhardy.
984 3025 1022 3089 T.
1049 3025 1068 3087 Ι
1095 3025 1133 3092 P.
1161 3028 1180 3088 2
1207 3050 1239 3112 p.

121 3140 293 3224 1004-5).
339 3137 424 3203 Nam
447 3137 481 3201 hi
502 3158 638 3222 prorsus
665 3137 793 3224 indigni
822 3150 899 3201 sunt
926 3145 1090 3215 auctores,
1120 3138 1240 3220 quibus

119 3251 217 3318 fidem
250 3250 348 3315 ullam
380 3248 565 3336 largiamur.
621 3247 676 3317 Sic
708 3249 795 3314 enim
829 3248 959 3312 diversa
993 3269 1068 3312 curn
1099 3248 1238 3316 diversis

119 3363 407 3440 commiscuerunt,
430 3369 467 3425 ut
489 3383 547 3426 eos
570 3358 622 3424 vel
643 3359 754 3444 potius
771 3356 942 3439 Malalam,
965 3380 1038 3423 nam
1061 3360 1090 3424 is
1113 3360 1239 3444 primus

119 3475 216 3560 hujus
239 3470 435 3537 narrationis
465 3463 675 3535 fundamenta
703 3469 824 3554 jecisse
852 3469 1014 3552 putandus
1043 3479 1106 3551 est,
1131 3494 1240 3534 rumo-

119 3609 188 3652 rem
210 3584 370 3668 quendam
393 3603 525 3668 vagum,
547 3579 603 3664 qui
625 3580 655 3645 ei
677 3580 876 3662 innotuerat,
899 3579 938 3643 de
956 3580 1116 3646 ‚Iuvenale
1140 3602 1240 3666 prop·
1281 3568 1283 3571 ’

120 3707 322 3718 -ι-α--ῠ

221 3782 244 3843 ¹)
262 3765 339 3831 Haud
358 3794 418 3830 raro
438 3778 553 3844 quidem,
571 3784 600 3826 ut
618 3777 737 3827 omnibus
759 3784 849 3826 uotum
874 3784 926 3838 est,
948 3776 1145 3839 bellumnouere
1168 3780 1239 3828 dice-

119 3878 183 3926 bant
202 3881 300 3923 veteres
319 3891 365 3938 pro
383 3871 469 3923 tellum
486 3871 593 3938 incipere
602 3874 636 3933 (v.
650 3869 770 3920 Oudend.
781 3870 820 3919 ad.
831 3869 906 3919 Caes.
915 3871 946 3920 B.
957 3869 989 3920 G.
999 3871 1013 3918 1
1023 3870 1074 3931 23),
1089 3871 1134 3920 sad
1150 3874 1238 3921 nescio

118 3986 180 4020 num
207 3969 292 4032 aptius
319 3968 372 4017 diei
399 3967 482 4031 possit
508 3963 593 4016 bellum
612 3964 689 4015 alicui
711 3978 805 4013 moerere
833 3979 908 4027 quarn
927 3961 1013 4013 bellum
1031 3962 1107 4014 alicui
1122 3964 1238 4034 incipere.

117 4064 205 4113 Aliter
223 4075 310 4110 seres
329 4038 422 4120 hebet,
447 4074 525 4123 quum
544 4059 575 4107 de
598 4059 677 4107 animi
706 4057 846 4107 affectibus
864 4058 958 4120 agitur,
976 4056 1101 4130 utfletum
1120 4058 1186 4124 (cic.
1205 4057 1238 4106 de
1262 4036 1333 4376 t

120 4153 165 4204 Or.
184 4156 197 4204 1
219 4153 271 4215 53),
289 4153 434 4204 uunrurdunr
463 4153 529 4215 (Cio.
552 4152 619 4202 Mur.
647 4151 695 4213 13),
714 4150 909 4218 exspectationem
936 4149 986 4212 (Id.
1009 4152 1042 4201 ad
1069 4153 1125 4201 Art.
1148 4151 1176 4201 11
1196 4142 1262 4209 145²-

119 4245 195 4298 ulicui
211 4262 312 4298 morare.
1241 4248 1259 4281 i·
