2722 4658
158 138 197 201 28

114 327 164 392 ed.
187 349 219 411 p.
242 325 328 411 386).
362 323 446 388 Nam
470 346 577 408 quum,
600 332 749 408 utsupra
767 326 980 409 ostendimus,
1002 328 1232 412 grammaticis

113 435 178 503 illis
201 444 234 500 et
255 434 440 504 scholiastis
473 431 645 498 admodum
677 422 812 498 difficile
843 434 1006 500 intellectu
1035 445 1145 519 esset,
1171 437 1235 504 Ju-

95 544 259 615 ,·venalem
282 544 323 609 ob
347 544 476 608 satiram
504 543 536 606 in
565 541 715 607 Paridem
743 543 802 607 sub
830 543 893 608 alio
921 546 1119 629 imperatore
1151 567 1232 629 con-

111 656 265 739 scriptam
277 655 316 719 ab
329 654 392 718 alio
403 653 437 718 in
449 653 580 717 exilium
591 635 726 737 ejectum
738 675 825 735 esse,
842 675 938 738 quem
954 677 1060 720 rerum
1072 656 1234 723 ordinem
1263 742 1265 747 ,

110 788 150 830 ex
162 766 229 844 vita
241 765 255 829 I
267 777 417 830 constare
429 744 593 848 putamus,
605 752 807 849 inpromptu
819 763 882 827 fuit
893 788 1010 830 nornen
1021 763 1176 832 Neronis
1189 767 1229 832 ad

109 877 238 941 exilium
260 896 389 959 quoque
411 872 594 956 traducere,
617 885 653 938 ut
673 867 711 936 fit
731 875 765 938 in
787 875 869 953 vita,
893 897 988 970 quarn
1010 900 1028 940 e
1050 876 1126 941 cod.
1147 875 1229 942 Vat.

107 989 191 1050 2810
214 980 389 1068 descripsit
410 983 533 1050 Theod.
555 982 793 1049 Mommsenius
818 986 862 1072 (v.
879 984 977 1049 Jahn.
1000 987 1051 1051 ed.
1074 1011 1108 1071 p.
1133 987 1228 1075 390):

106 1124 166 1198 IV.
207 1124 397 1199 <luvenalis
431 1124 609 1222 satyricus
641 1124 842 1221 Aquinates
882 1123 968 1209 fuit,
1009 1125 1048 1198 id
1083 1136 1144 1199 est
1180 1128 1227 1202 de

180 1243 327 1350 Aquino
366 1252 517 1350 oppido
573 1250 644 1326 Hic
684 1276 749 1326 suo
789 1263 955 1350 tempore
999 1251 1134 1327 videns
1172 1255 1227 1330 ni·

180 1380 288 1454 miam
326 1380 512 1460 luxuriam
551 1379 787 1455 scribentium
825 1379 1021 1477 proposuit
1060 1389 1100 1453 et
1138 1381 1227 1480 ipse

181 1509 339 1585 scribere
379 1520 556 1607 satyram,
587 1508 625 1583 in
659 1534 731 1607 qua
763 1509 903 1583 nemini
937 1506 1122 1604 pepercit,
1152 1512 1227 1624 sed

179 1640 341 1712 omniurn
374 1637 508 1735 carpsit
540 1637 645 1711 vicia.
697 1635 787 1710 Ideo
801 1647 942 1725 ,autem
975 1635 1069 1709 hanc
1102 1649 1228 1712 mate·

177 1766 267 1836 riam
294 1764 453 1836 scribere
480 1763 617 1849 voluit,
650 1763 735 1860 quia
767 1764 912 1838 Claudii
939 1760 1097 1836 Neronis
1126 1773 1227 1839 tem·

176 1915 269 1988 pore
308 1891 552 1965 numerositas
592 1890 755 1963 omnium
795 1869 971 1965 diciorum
1011 1890 1224 1988 plurimum

177 1992 312 2119 viguit,
344 2017 504 2092 maxime
543 2017 721 2091 luxuries.
774 2015 879 2091 Unde
899 2042 995 2092 eum
1035 2017 1222 2098 Claudius

175 2147 316 2223 audiret
355 2148 454 2244 quod
485 2134 556 2219 iste
594 2171 660 2219 sua
699 2156 866 2255 tempora
904 2155 1084 2232 notasset,
1130 2150 1223 2226 fecit

99 2341 102 2346 .
174 2297 257 2352 eum
284 2274 435 2350 exulare
462 2276 528 2348 sub
557 2283 711 2372 optentu
743 2271 894 2348 militiae
928 2285 965 2348 et
996 2298 1079 2348 cum
1107 2301 1223 2353 exer·

172 2403 246 2479 citu
274 2403 323 2476 ad·
345 2401 519 2502 Egiptum
544 2400 838 2499 proficiscentem
865 2427 948 2476 eum
975 2400 1128 2490 direxit,
1153 2408 1221 2482 ubi

171 2554 307 2626 angore
346 2539 384 2600 et
422 2527 544 2601 taedio
584 2526 705 2623 periit.
764 2528 925 2603 Maxime
964 2537 1086 2602 autem
1127 2531 1223 2609 ideo

172 2657 362 2728 damnatus
390 2662 462 2738 est,
489 2651 574 2749 quia
599 2653 668 2727 hos
700 2679 829 2728 versus
861 2656 900 2728 in
925 2655 1095 2730 Paridem
1122 2685 1219 2757 pan·
1257 2740 1260 2744 ,

172 2784 362 2870 tomimum
391 2780 553 2883 scripsit:
587 2781 709 2880 ”quod
742 2806 816 2855 non
851 2784 940 2857 dant
970 2809 1149 2882 proceres
1179 2801 1217 2865 et

169 2940 204 3011 q.
233 2913 284 2985 εἶ’
335 2909 405 2985 Hic
430 2909 675 3010 pantomimus
702 2911 846 2985 delator
872 2920 950 2984 erat
968 2913 1154 3010 pessimus
1178 2928 1216 2992 et

168 3065 237 3138 per
269 3039 339 3112 hoc
371 3036 524 3136 gratiam
565 3039 777 3134 optinuerat
815 3037 992 3136 principis
1025 3064 1109 3113 cum
1136 3043 1213 3119 fac·

169 3167 288 3248 tione,
318 3176 355 3252 et
380 3163 441 3236 hic
467 3175 656 3238 accusatus
684 3166 872 3239 damnatus
889 3158 966 3239 est.
1019 3232 1021 3239 ,
1129 3139 1135 3155 ’

92 3325 199 3413 Hujus
232 3325 316 3388 vitae
349 3324 475 3388 initium
507 3345 609 3408 usque
642 3325 683 3388 ad
710 3325 799 3389 verb.
826 3329 931 3411 eripuit
958 3352 1008 3413 ap.
1038 3323 1153 3397 Onam.
1176 3340 1232 3420 ps

91 3437 153 3501 569
170 3459 187 3500 e
204 3435 276 3500 cod.
295 3432 438 3499 Vindob.
457 3443 643 3519 excerptum
657 3435 794 3520 legitur:
817 3434 939 3501 Eadem
957 3438 1111 3522 opinione
1129 3463 1209 3530 cap·

90 3559 142 3612 tus
175 3547 238 3612 fuit
270 3543 461 3624 scholiasta,
495 3546 550 3627 qui
583 3544 734 3626 solvil,
759 3549 774 3608 1
804 3549 985 3633 annotavit:
1019 3547 1207 3619 ”Neronem

89 3657 217 3742 palpat”
250 3666 361 3742 atque:
393 3658 447 3718 ”t'o
471 3655 625 3721 Caesare:
653 3656 686 3719 in
713 3654 864 3721 Nerone”
896 3668 929 3722 et
960 3659 1001 3723 ad
1029 3657 1113 3740 VH,
1130 3640 1206 3732 '922

89 3766 272 3833 ”Neronem
295 3760 471 3854 significat
493 3766 547 3850 qui
572 3766 707 3832 scenicis
726 3767 767 3831 ob
785 3775 910 3851 turpem
931 3768 1097 3835 libidinem
1120 3773 1204 3840 haec

89 3879 271 3965 petentibus
294 3877 489 3964 praestabat.
532 3876 673 3964 Propter
695 3876 779 3941 hunc
801 3883 930 3943 vers'um
950 3882 1069 3946 missus
1092 3895 1145 3949 est
1167 3887 1203 3951 in

89 3988 185 4054 exilio
208 4012 227 4052 a
251 3982 389 4080 Claudio
411 3986 543 4052 Nerone
558 3990 610 4075 ¹)”.
640 3987 737 4052 Alios
755 4010 831 4052 vero
848 3988 998 4054 Paridem
1015 3990 1203 4080 intelligen-

90 4130 290 4142 *ιι-ιιι,-

30 4136 74 4352 k
190 4208 211 4267 ¹)
232 4203 267 4254 Ut
286 4219 372 4285 omnes
391 4222 443 4268 res,
471 4223 535 4271 quae
559 4208 608 4256 bue
632 4209 771 4270 pertinent,
798 4206 915 4255 nonnihil
943 4206 1118 4270 absolvantur,
1145 4229 1204 4264 nou
