2722 4658
1099 185 1141 250 te

63 374 281 462 defatigatum
307 369 449 463 Traiano
475 371 605 440 tandem
630 372 810 458 imperante
835 370 1020 440 securitatis
1046 369 1184 440 felicita·

66 473 176 568 tisque
197 481 370 551 dulcedine
399 480 553 567 perfundi
584 488 737 568 coeptum
770 502 859 564 esse,
885 488 923 548 ut
947 480 1103 551 laetiores
1122 481 1184 549 eli-

65 601 148 680 quot
168 593 292 682 ingenii
312 593 439 661 fructus
456 601 535 659 tunc
551 591 692 677 primum
707 613 864 679 apparere
880 590 1072 677 inciperent.
1102 590 1184 659 lite·

64 703 135 781 nim
156 701 269 774 Nerva
294 702 400 791 magia
426 708 533 769 aetate
564 709 743 787 provectus
775 708 860 786 erat,
886 723 986 787 quum
1012 700 1185 787 imperium

64 813 184 896 adiret,
205 811 404 897 breviusque
430 814 500 898 ejus
527 810 686 898 regnandi
710 819 856 898 tempus,
881 833 979 898 quam
1006 818 1043 876 ut
1069 811 1112 879 ad
1131 833 1185 881 sa

62 922 165 996 lutam
186 904 392 991 communem
413 919 641 989 stabiliendam
667 921 858 1005 animosque
883 920 1060 988 firmandos
1088 921 1184 1007 quid,
1221 992 1223 994 ,

63 1055 172 1118 quam-
182 1054 298 1102 revera
318 1032 498 1099 contulisse
519 1031 683 1118 putandus
699 1032 758 1115 sit,
776 1032 890 1100 saltem
907 1054 975 1098 non
991 1040 1067 1098 ante
1083 1031 1185 1119 adop·

63 1142 189 1220 tionem
215 1142 348 1230 Traiani
360 1143 398 1228 ¹).
448 1141 652 1229 Quamquam
678 1140 827 1209 Tacitum
854 1144 921 1228 jam
953 1142 1015 1209 sub
1046 1142 1184 1228 imperio

61 1253 199 1325 Nervae
224 1253 416 1342 Agricolam
443 1275 482 1319 ac
508 1255 651 1320 fortasse
682 1253 781 1319 etiam
801 1252 1009 1321 Germaniam
1040 1253 1184 1321 edidisse

63 1363 291 1445 consentinam
305 1384 347 1429 ac
368 1371 475 1430 tamen
500 1362 536 1431 in
563 1364 735 1430 satirarum
762 1363 921 1450 scriptore
941 1363 1184 1451 diligentiorem

63 1473 227 1560 quandam
247 1474 433 1542 cantionem
454 1472 702 1560 haudquaquam
717 1474 828 1540 mirari
843 1473 1014 1558 debemus,
1036 1496 1188 1560 praeser-

63 1585 124 1654 tim
150 1607 249 1673 qunm
269 1585 371 1651 nimia
389 1583 638 1650 mansuetudine
659 1592 693 1649 et
713 1584 883 1651 clementia
903 1583 1034 1651 Nervae
1061 1584 1184 1653 factum

62 1717 138 1764 esse
169 1697 327 1778 sciamus,
361 1701 400 1761 ut
435 1693 558 1761 amicos
590 1694 788 1776 Domitiani,
826 1695 862 1760 in
894 1716 978 1781 quos
1015 1693 1184 1781 publicum

61 1805 175 1875 odium
190 1805 360 1894 flagraret,
383 1805 471 1870 circa
487 1827 523 1871 se
538 1804 718 1871 honoratos
735 1826 809 1873 esse
824 1827 944 1892 pessus
960 1805 1006 1872 sit
1020 1804 1079 1894 (of.
1096 1802 1183 1871 Plin.

60 1939 115 2004 ep.
129 1913 183 1984 IV
199 1915 267 2004 22).
287 1915 414 1984 Eodem
439 1915 541 2004 igitur
573 1913 715 1998 silentio,
741 1938 807 2001 quo
829 1923 938 1999 antee,
961 1922 1100 1983 aetatem
1121 1914 1184 1982 sub

62 2025 178 2095 Nerva
203 2034 237 2093 e't
257 2049 317 2114 per
336 2027 421 2093 duos
443 2025 567 2113 primos
593 2025 722 2112 imperii
744 2024 877 2113 Trajani
897 2048 1001 2094 annos
1023 2025 1185 2113 uanmgit

63 2137 248 2222 Juvenalis,
270 2136 425 2222 quoniam
446 2135 511 2204 sibi
531 2137 664 2222 quidem
683 2136 772 2204 band
793 2135 891 2202 dubie
913 2136 1011 2202 etiam
1037 2144 1107 2202 tum
1127 2155 1183 2201 ex·

60 2248 265 2332 spectatione
296 2268 380 2334 opus
415 2269 489 2314 esse
516 2246 626 2333 duxit,
654 2246 758 2313 donec
785 2247 943 2314 securitas
970 2245 1119 2333 publica,
1146 2253 1183 2312 ut

62 2376 136 2422 cum
156 2355 272 2424 Tacito
293 2358 475 2444 loquamur,
497 2380 566 2424 non
588 2379 681 2444 spem
709 2357 807 2424 modo
829 2377 879 2424 ac'
892 2370 1021 2438 votum,
1048 2355 1111 2425 sed,
1133 2356 1184 2441 ip·

61 2465 132 2533 sius
153 2468 225 2535 voti
245 2467 396 2534 fiduciam
417 2468 662 2556 assumpsisset

164 2600 227 2685 At,
248 2601 417 2689 inquiunt,
444 2603 474 2671 si
501 2603 661 2691 Trajanus
688 2626 755 2669 non
780 2587 961 2669 lilterarum
987 2600 1097 2684 modo,
1123 2600 1183 2668 sed

59 2711 157 2778 etiam
180 2711 296 2781 salutis
317 2713 502 2781 communis
524 2713 707 2797 restitutor,
727 2734 788 2799 per
810 2733 922 2797 quern,
944 2709 1034 2799 quod
1050 2710 1183 2795 vellent,

59 2823 253 2908 sentire,et,
264 2823 353 2910 quod
369 2824 543 2906 sentirent,
556 2823 665 2890 dicere
681 2823 810 2906 liceret,
822 2822 847 2888 J
847 2821 994 2905 uronali,
1011 2822 1110 2888 sicuti
1120 2819 1183 2886 Ta·

61 2932 129 2997 cito
141 2930 201 3019 (H.
211 2931 231 2997 1
243 2933 287 3017 1),
302 2933 420 2998 meritc
431 2931 614 3016 videbatur,
625 2932 757 2998 minime
775 2939 1029 2999 consentaneum
1039 2931 1103 2997 erit
1113 2952 1182 2998 cre·

61 3039 140 3106 dere
161 3041 291 3106 eumin
318 3041 391 3127 ipsa
419 3040 476 3106 illa
502 3041 617 3126 satire,
651 3044 743 3128 cujus
771 3040 969 3129 principium
990 3040 1182 3108 alaudibus

61 3144 224 3216 Caesaris
239 3150 387 3232 duceret,
410 3173 446 3218 se
472 3152 725 3237 reprehensione
752 3152 849 3239 hujus
876 3172 944 3217 non
972 3151 1182 3220 abstinuisse.

59 3246 127 3327 Oui
147 3261 196 3327 rei
217 3245 392 3348 praecipue
413 3261 550 3327 multum
571 3244 686 3327 tribuit
704 3260 922 3342 Ribbeokius,
948 3259 984 3326 in
1005 3261 1109 3349 praef.
1131 3262 1181 3329 ed.

59 3371 138 3439 Juv.
160 3394 195 3456 p.
217 3385 260 3434 x1
282 3370 395 3438 dicens
417 3393 454 3438 se
475 3371 550 3436 ”vix
571 3391 609 3436 ec
630 3393 672 3437 ne
693 3371 749 3436 vix
771 3369 903 3456 quidem
929 3372 1061 3438 credere
1081 3393 1182 3457 posse

57 3490 189 3567 poetam
209 3482 244 3548 in
267 3504 307 3547 eo
329 3483 487 3564 carmine,
510 3502 575 3565 quo
597 3481 757 3568 principis
774 3502 853 3567 erga
876 3481 1053 3568 scriptores
1075 3480 1183 3547 indul-

56 3590 202 3679 gentiam
222 3599 318 3680 grato
340 3592 448 3657 animo
470 3589 658 3673 extulisset,
681 3594 751 3677 ejus
774 3590 866 3658 aulae
887 3613 1006 3677 pravas
1027 3589 1180 3657 licentias

56 3709 91 3766 et
106 3701 298 3787 largitiones
315 3700 523 3768 acerbissime
539 3701 775 3788 castigaturum
792 3702 925 3770 fuisse·''
966 3698 1077 3784 Quid?
1093 3722 1182 3767 acer-

54 3810 212 3878 bissime?
243 3808 333 3877 Num
359 3810 395 3876 in
421 3803 531 3877 verbis
552 3810 740 3894 iuvenalis,
768 3811 877 3899 qualia
902 3832 990 3877 nunc
1016 3810 1052 3876 in
1079 3813 1181 3899 septi-

54 3943 129 3988 mae
162 3919 283 3986 satirae
302 3944 335 3986 v.
357 3919 484 3985 90-92
516 3927 663 4002 exstant,
695 3921 748 3986 vel
779 3921 913 3989 minima
943 3920 1033 3989 inest
1064 3943 1179 4008 causa,

157 4163 181 4223 1)
198 4161 343 4226 Aptissima
360 4163 396 4212 ad
417 4161 633 4223 sollicitudinem,
651 4177 718 4228 quaa
735 4165 822 4215 occiso
845 4163 1000 4214 Domitiano
1025 4167 1105 4216 etiarn
1123 4173 1178 4216 turn

52 4258 160 4309 animos
178 4256 334 4307 constrictos
350 4256 469 4317 tenebat,
486 4251 667 4309 illustrandam
684 4264 724 4306 est
740 4255 821 4308 Plinii
837 4270 877 4320 ep.
893 4255 938 4306 IX
956 4255 997 4306 13.
