2722 4658
172 169 214 233 66

130 354 204 422 bem
224 359 410 420 transvecta
435 358 616 434 manarent,
645 349 773 416 sublata
800 351 874 416 sint.
916 349 954 420 Si
974 358 1086 417 autem
1111 351 1154 417 de
1181 350 1255 437 pri·

130 473 281 532 vatorum
312 461 590 530 aedificationibus
622 460 685 526 hoc
717 459 792 526 loco
825 469 983 548 ageretur,
1015 461 1098 545 quid
1129 481 1255 529 causae

128 577 207 659 fuit,
229 596 287 641 cnr
301 571 473 642 «Iuvenalis
489 570 579 638 illam
593 592 662 638 rem
678 571 761 636 tanti
777 571 915 656 faceret,
931 593 1030 656 quum
1043 571 1145 638 talem
1161 572 1254 639 aedi-

128 685 249 752 ficandi
269 686 436 753 materiam
456 705 496 749 eo
522 690 648 749 tantum
674 682 741 749 diei
767 688 913 769 tempore
939 682 975 747 in
1000 681 1113 748 urbem
1135 682 1251 750 invehi

128 796 256 880 liceret,
278 818 344 882 quo
362 794 439 860 viae
459 794 591 860 minime
613 801 705 860 erant
725 792 968 879 frequentatae?
990 790 1040 879 Ut
1059 791 1120 858 hee
1141 792 1253 880 igitur

127 906 388 983 transvectiones
410 904 473 987 eis,
495 903 552 990 qui
571 903 710 990 pedibus
726 903 826 986 irent,
848 902 905 967 vix
919 901 1125 986 periculosae
1140 913 1252 987 erant,

127 1017 176 1083 sic
202 1013 336 1084 eaedem
366 1013 580 1081 hauddubie
612 1012 763 1081 domibus
790 1012 882 1080 urbis
914 1011 1109 1080 detrimenta
1130 1013 1250 1080 affere·

125 1126 221 1210 bant,
252 1124 384 1211 quade
410 1145 508 1191 causa
534 1122 722 1191 Hadrianus
754 1122 924 1191 ”vehicula
949 1144 1023 1189 cum
1055 1122 1250 1212 ingentibus

127 1235 264 1303 sarcinis
296 1236 409 1303 urbem
440 1235 570 1324 ingredi
601 1234 772 1322 prohibuit
799 1233 888 1323 (Ael.
911 1231 1023 1320 Spart.
1045 1233 1114 1299 vita
1139 1232 1249 1300 Hadr.

125 1348 211 1433 22).”
242 1344 341 1432 Quod
362 1369 462 1432 quum
482 1346 529 1411 ita
549 1345 663 1428 fuerit,
685 1366 744 1432 per
765 1367 802 1413 se
822 1343 1027 1433 intelligitur,
1047 1341 1248 1411 Juvenalem

124 1452 203 1543 post
228 1465 365 1527 mortem
391 1456 575 1524 Domitiani
601 1457 650 1524 sio
678 1456 821 1524 scribere
842 1478 910 1522 non
931 1454 1091 1542 potuisse.
1135 1452 1250 1521 Pauca

124 1567 256 1653 quidem
277 1576 445 1657 praeterea
466 1567 638 1652 accedunt,
660 1589 743 1653 qnae
765 1565 807 1632 ad
828 1573 957 1653 tempus
980 1566 1100 1632 satirae
1121 1569 1250 1633 consti-

125 1680 281 1748 tuendum
306 1680 374 1746 vim
404 1678 567 1765 quandam
591 1679 747 1760 babeant,
781 1678 840 1744 sed
871 1676 950 1743 talia
981 1684 1072 1759 sunt,
1105 1684 1145 1741 ut
1173 1698 1249 1744 cum

124 1789 222 1857 rebus
256 1811 355 1875 supra
392 1789 552 1873 expositis
588 1788 677 1854 haud
715 1788 855 1854 absurde
893 1787 1093 1874 conspirent.
1155 1788 1248 1855 Dum

124 1895 320 1966 Stratoclem
341 1903 374 1962 et
394 1896 598 1962 Demetrium
625 1897 818 1980 comoedos,
844 1920 928 1984 quos
954 1906 1114 1964 memorat
1145 1907 1250 1986 poeta

124 2027 156 2071 v.
180 2006 232 2089 99,
262 2009 329 2094 Jam
361 2006 544 2073 Domitiani
576 2006 778 2095 temporibus
811 2009 897 2074 fama
930 2006 1080 2074 floruisse
1113 2018 1249 2076 constat

124 2137 164 2181 ex
185 2115 299 2201 Quint.
320 2113 377 2180 XI
398 2117 418 2181 3
441 2117 513 2198 178,
535 2119 627 2204 cujus
644 2117 744 2184 verba
765 2117 846 2183 haec
869 2127 960 2185 sunt:
981 2115 1170 2187 '’Maximos
1193 2142 1246 2186 ac·

122 2232 212 2292 tores
234 2226 476 2293 comoediarum
497 2227 699 2293 Demetrium
726 2236 760 2295 et
780 2227 963 2298 Stratoclea
984 2227 1114 2315 placere
1136 2228 1247 2298 diver-

123 2335 169 2402 sis
192 2336 368 2404 virtutibus
390 2338 560 2424 vidimns”,
581 2339 668 2406 idem
690 2340 770 2407 satis
793 2340 963 2426 explorate
984 2338 1157 2426 cognitum
1179 2363 1247 2419 non

121 2443 278 2514 habemus
300 2450 341 2515 de
362 2447 458 2516 Isaeo
480 2450 626 2533 rhetore,
649 2452 742 2538 cujus
763 2451 886 2517 mentio
908 2452 946 2516 fit
967 2473 1000 2516 v.
1022 2451 1079 2514 74:

780 2620 864 2656 sermo

336 2694 476 2760 Promptus
494 2704 521 2746 et
536 2696 615 2747 Isaeo
632 2700 782 2760 torrentior,

116 2842 205 2910 quse
227 2825 327 2894 verba
347 2826 389 2894 ad
416 2827 553 2895 eundem
579 2826 709 2896 Isaeum
741 2830 812 2899 sine
838 2830 939 2898 dubio
970 2832 1139 2900 referenda
1165 2858 1242 2906 esse

123 2957 237 3004 omnes
258 2937 505 3022 intellexerunt,
526 2960 623 3024 quem
643 2940 773 3010 Plinius
795 2941 894 3029 ep.H
916 2942 935 3006 3
956 2965 1075 3031 magna
1096 2949 1242 3014 oratoria

120 3047 217 3113 lande
238 3050 299 3115 sub
321 3050 416 3116 initia
431 3048 563 3138 Trajani
589 3053 765 3121 eminuisse
786 3054 930 3138 scripsit.
967 3054 1136 3140 Quidquid
1152 3059 1240 3123 enim

120 3158 266 3224 notionis
288 3181 362 3226 voc.
384 3163 565 3227 torrentior
587 3161 705 3250 subjici
731 3172 857 3248 potest,
884 3165 971 3251 apud
992 3165 1135 3233 Plinium
1163 3177 1238 3256 apte

119 3268 326 3352 propositum
348 3270 541 3339 invenimus.
573 3272 640 3358 Qui
662 3296 741 3340 vero
762 3272 820 3340 illo
837 3281 984 3360 tempore
1001 3279 1238 3363 sexagesimum

118 3395 240 3445 annum
261 3385 345 3444 teste
365 3378 474 3448 Plinio
496 3391 694 3465 excesserat,
716 3403 789 3449 eum
806 3386 873 3471 jam
894 3386 1005 3470 priore
1026 3398 1175 3475 tempore
1191 3391 1238 3456 fa·

117 3510 202 3554 mam
224 3487 428 3576 eloquentiae
450 3491 514 3557 sibi
533 3514 649 3577 parare
675 3493 825 3578 potuisse
847 3504 991 3580 apparet.
1034 3498 1102 3564 Pro
1123 3501 1237 3586 explo-

115 3606 188 3665 rato
210 3599 310 3688 igitur
332 3597 435 3665 habeo
458 3603 585 3668 tertiam
609 3603 756 3686 satiram,
773 3612 888 3671 'totam
909 3607 1064 3692 fortasse,
1091 3618 1125 3674 at
1147 3619 1235 3676 certe

116 3710 288 3777 maximam
308 3718 434 3796 partem
456 3718 559 3779 aetate
580 3712 763 3779 Domitiani
784 3715 1006 3802 conscriptam
1027 3739 1110 3785 esse.

219 3861 379 3931 Ultimam
400 3864 532 3952 quidem
554 3867 725 3953 scriptoris
740 3887 871 3934 manum
886 3877 1015 3935 mortuo
1035 3872 1103 3957 jam
1120 3873 1234 3940 Domi·

115 3971 204 4038 tiano
226 3982 389 4055 quartae
406 3975 525 4042 satirae
541 3978 719 4044 accessisse
735 3977 821 4044 clare
844 3978 1023 4047 ostendunt
1037 4006 1069 4049 v.
1088 3982 1228 4050 37-38:

285 4125 371 4188 Quum
385 4133 441 4197 jam
458 4134 638 4184 semianimum
656 4134 785 4184 laceraret
801 4134 906 4188 Flavius
924 4137 1013 4188 orbem

285 4220 397 4284 Ultimus
415 4232 441 4277 et
460 4227 534 4279 calvo
552 4230 662 4279 serviret
678 4225 764 4280 Roma
779 4227 892 4291 Neroni,
