2722 4658
1153 192 1193 257 77

124 401 214 463 mns,
236 377 418 446 retractatis
439 384 537 461 atque
558 373 685 441 ineam
706 375 859 459 formam,
880 380 977 464 quam
998 383 1084 444 nunc
1105 378 1236 464 habent,

124 490 263 573 relictis,
285 490 431 555 'animum
456 488 491 553 in
518 485 702 571 praesentia
728 495 875 571 tempora
901 496 1090 554 convertere
1116 489 1235 576 coepit.

124 600 178 668 Ibi
200 607 304 667 status
324 599 504 663 litterarum
524 595 665 674 homini,
686 596 742 681 qui
764 619 799 664 se
821 596 940 664 litteris
961 606 1067 664 totum
1082 598 1238 683 dedisset,

125 710 264 778 maxims
297 706 389 773 cordi
420 727 494 773 esse
524 704 673 771 debebat.
726 704 838 790 Atque
868 707 1108 796 indignatione,
1141 724 1238 797 quant

127 821 208 887 haec
228 840 281 884 res
303 817 334 883 ei
355 823 516 897 moverat,
538 815 633 899 quasi
648 814 811 881 relaxatus
827 815 870 882 ad
885 827 1109 905 argumentum
1132 819 1239 887 erhe-

126 939 236 997 tor‘um
252 926 374 996 scholis
392 924 533 1010 quodam
547 924 646 990 modo
663 925 800 1011 petitum
820 927 855 992 in
877 935 1022 994 octava
1039 930 1139 995 satira
1154 940 1239 996 trac·

125 1040 262 1107 tendum
277 1036 437 1106 sedatiore
454 1036 562 1101 animo
579 1035 723 1118 transiit,
740 1057 837 1119 quam
853 1037 968 1103 eodem
983 1046 1145 1125 tempore,
1172 1062 1239 1125 quo

119 1151 265 1240 priores,
280 1143 495 1236 compositam
516 1167 589 1212 esse
611 1145 756 1213 ostendit
771 1170 802 1212 v.
822 1147 893 1230 120,
909 1148 967 1214 ubi
983 1150 1127 1237 ejusdem
1139 1150 1241 1218 Marii

118 1261 237 1328 -Prisci
253 1259 373 1326 mentio
389 1258 447 1341 lit,
456 1256 498 1323 de
513 1279 579 1342 quo
595 1256 637 1322 ad
653 1257 791 1342 primam
801 1258 933 1324 satiram
943 1258 1105 1329 diximus..
1120 1262 1242 1348 Quem·

120 1392 226 1458 quam
246 1368 403 1456 peculiari
424 1368 581 1454 temporis
602 1375 681 1433 nota
702 1376 791 1433 caret
812 1389 913 1434 nona
937 1369 1053 1453 satira,
1081 1380 1115 1437 et
1134 1392 1241 1439 rernm

128 1481 175 1548 ibi
208 1480 428 1567 expositurum
460 1476 600 1544 foeditas
628 1485 662 1543 et
687 1485 777 1543 totus
809 1478 968 1546 orationis
1000 1481 1093 1547 color
1123 1480 1243 1550 clarius

120 1592 275 1660 ¹indicant
296 1613 366 1657 eam
387 1610 517 1676 quoque
537 1587 682 1674 ejusdem
707 1589 863 1675 temporis
891 1610 963 1656 esse
985 1611 1024 1656 uc
1047 1587 1246 1677 superiores,

128 1726 228 1791 quam
249 1702 341 1768 utin
363 1699 423 1766 hcc
444 1722 479 1765 re
500 1698 591 1765 dubii
613 1697 812 1764 haereamus.
985 1709 987 1713 ’
1060 1707 1064 1712 ’

123 1864 127 1873 .
153 1840 155 1845 ·
231 1811 282 1879 Ut
302 1831 388 1876 nunc
414 1809 636 1896 quaestionem
663 1810 705 1876 ad
731 1817 831 1895 caput
855 1810 952 1893 illud,
979 1811 1068 1897 quod
1093 1813 1128 1878 in
1155 1813 1246 1879 exilii

122 1934 262 1993 ‘motore
284 1919 484 2007 explorando
507 1928 665 2003 versatur,
686 1919 818 1986 tandem
839 1923 1086 2006 transferamus,
1108 1931 1182 2009 apte
1204 1923 1245 1989 ad

122 2032 391 2122 'persuadendum
423 2030 502 2096 mihi
534 2029 722 2116 disputasse
755 2016 882 2115 videor,
908 2031 1117 2098 fundamento
1148 2033 1247 2118 primi

120 2145 248 2214 -sultem
268 2142 344 2208 libri
366 2163 404 2206 ec
425 2142 566 2208 fortasse
588 2142 684 2207 etiem
712 2140 847 2208 secundi
867 2140 928 2207 sub
950 2142 1140 2208 Domitiano
1159 2145 1248 2229 jacta

122 2276 206 2321 -esse
227 2261 323 2336 etque
345 2250 462 2316 deinde
484 2273 504 2314 a
525 2250 683 2335 scriptore
705 2257 902 2336 pertractata
923 2260 957 2316 et
977 2251 1127 2333 conflate,
1148 2274 1248 2338 qnnm

124 2364 310 2431 carminum
341 2361 494 2427 volumen
527 2361 704 2429 emissurus
733 2370 821 2428 esset
833 2363 871 2448 ¹).
914 2361 1026 2446 Atque
1052 2363 1158 2449 ipsam
1176 2364 1248 2430 edi·

122 2476 255 2542 tionem
289 2473 399 2539 statim
425 2480 503 2558 post
529 2494 647 2537 annum
677 2473 748 2555 100,
781 2472 922 2539 fortasse
954 2472 1017 2539 hoc
1044 2475 1117 2560 ipso
1151 2497 1247 2558 anno,

121 2586 340 2654 subsecutam
372 2603 445 2650 esse
478 2605 590 2648 omnes
624 2582 691 2649 lere
724 2583 934 2666 recentiores,
961 2592 1099 2671 excepto
1126 2585 1248 2652 Franc-

126 2696 190 2764 :kio
217 2695 299 2782 (vid.
322 2715 420 2780 supra
441 2714 475 2778 p.
503 2691 569 2781 56),
602 2693 812 2758 consentiunt
844 2701 877 2759 et
909 2680 1091 2762 clarissimo
1124 2703 1250 2782 tempo-

134 2807 180 2874 ris
212 2805 344 2889 indicio,
377 2802 466 2891 quod
503 2803 601 2868 habet
618 2803 742 2888 ¹prima
779 2803 893 2886 satira,
931 2804 1122 2892 diligentius
1154 2828 1250 2892 repn-

127 2918 203 2982 :eto
226 2916 409 2983 consentire
432 2912 561 2979 debent.
602 2910 677 2977 Nec
698 2920 805 2977 tamen
829 2934 940 2979 omnes
968 2926 1035 2979 tres
1061 2915 1189 3000 priores
1211 2915 1250 2980 li-

128 3026 186 3092 vbri
205 3027 358 3114 junctim,
381 3022 437 3090 sed
461 3022 543 3088 alius
570 3015 648 3108 post
674 3022 772 3087 elium
799 3024 975 3109 seperatim
1001 3024 1081 3090 editi
1102 3046 1174 3092 esse
1196 3027 1249 3092 vel

128 3136 211 3203 ideo
231 3135 366 3221 putandi
391 3141 482 3217 sunt,
505 3134 594 3217 quod
616 3156 733 3200 nomen
752 3134 855 3199 libelli
869 3134 903 3198 in
919 3135 1025 3219 prima
1041 3136 1141 3202 satire
1156 3159 1250 3204 usur·

131 3255 249 3333 petum
271 3246 439 3330 aptissime
460 3245 502 3311 ad
522 3246 620 3312 unius
641 3251 767 3311 tantum
790 3245 963 3312 voluminis
980 3247 1149 3313 circuitum
1171 3270 1251 3333 qno·

135 3356 230 3424 drare
252 3353 380 3420 videtur
402 3362 497 3442 atque
518 3356 652 3441 insuper
672 3355 788 3420 ultima
808 3355 897 3422 illius
921 3356 1039 3424 satirae
1061 3360 1161 3424 verba
1176 3379 1250 3424 cum

126 3466 336 3554 ‘argumentis
361 3465 395 3530 in
422 3465 520 3531 tertio
552 3465 637 3532 libro
669 3467 893 3552 imprimisque
919 3468 953 3533 in
982 3468 1118 3555 septima
1151 3469 1251 3536 satira

130 3578 284 3642 tractetis
317 3597 431 3661 parum
463 3577 669 3662 conspirant,
701 3576 758 3641 ubi
790 3585 919 3663 poetam
947 3599 982 3644 se
1004 3578 1045 3644 sd
1066 3578 1252 3663 praesentia

124 3696 284 3772 tempora
311 3685 472 3772 respicere
505 3684 592 3751 haud
619 3687 758 3753 obscure
789 3687 936 3774 profiteri
957 3687 1110 3754 diximus.
1153 3687 1253 3755 Prae·

123 3799 226 3865 'terea
248 3797 368 3884 singuli
388 3795 424 3861 hi
445 3796 521 3862 libri
542 3805 667 3863 tantum
689 3798 758 3864 fers
779 3821 932 3868 versuum
953 3820 1121 3865 numerum
1148 3798 1253 3867 conti·

135 3916 231 3990 nent,
258 3927 353 3992 quem
380 3926 446 3970 uno
474 3905 639 3973 volumine
660 3907 893 3993 comprehendi
915 3907 1048 3976 solitum
1074 3930 1147 3977 esse
1174 3932 1251 3978 con·

136 4025 213 4084 stet.
256 4014 341 4085 Sunt
360 4016 471 4104 igitur,
493 4023 530 4082 ut
550 4038 621 4082 mee
642 4016 706 4082 fert
727 4017 850 4104 opinio,
872 4040 975 4105 parvo
997 4021 1155 4106 temporis
1178 4042 1253 4106 spa·

137 4166 142 4174 ⁶
240 4189 261 4252 ¹)
280 4187 321 4239 cf.
340 4189 409 4254 quod
427 4191 454 4240 in
472 4189 582 4240 candem
599 4188 653 4240 fere
671 4193 827 4245 sententiam
844 4192 987 4258 disputavit
1004 4191 1055 4246 Gn.
1072 4191 1104 4241 lt.
1122 4192 1254 4245 Weberus

134 4279 156 4329 l.
174 4298 196 4332 c.
213 4298 238 4347 p.
257 4282 306 4331 226
324 4298 361 4347 sq.
