2722 4658
240 212 282 277 60

198 420 269 463 mus
291 398 480 465 Domitiano
502 397 573 465 XV
596 419 663 464 cos.
687 420 783 466 casus
805 402 878 473 ie.
901 422 984 466 auno
1007 402 1058 484 90,
1085 402 1179 487 cujus
1204 399 1318 483 ‘ipsius

197 509 275 573 anui
296 509 447 574 extremis
468 510 635 576 mensibus
658 531 727 574 eam
749 510 930 578 decessisse
951 510 1047 576 fidem
1075 509 1203 575 faciunt
1222 508 1318 576 Mar·

187 616 288 685 ·tialis
310 619 333 684 l.
355 601 408 684 V'I
429 620 585 708 epigr,4,
610 621 660 703 10,
688 619 739 704 76,
767 619 972 686 hauddubie
1004 629 1079 706 post
1111 619 1318 704 triumphum

196 729 355 794 Dacicum
389 730 467 817 (sec.
490 729 668 796 Eusebium
695 751 745 794 an.
769 730 810 793 90
831 752 932 797 meus.
956 733 1034 816 oct.)
1059 730 1193 815 scripta,
1216 739 1252 796 et
1274 731 1316 794 13

198 848 294 925 atque
315 839 475 926 imprimis
498 841 527 924 3,
549 862 631 926 quae
653 839 775 907 duliam
796 848 833 904 ut
853 840 962 906 vivam
978 861 1232 906 commemorare
1256 862 1317 927 pu·

197 951 296 1016 tanda
319 946 430 1024 sunt(
448 949 511 1016 Est
531 950 631 1037 igitur
659 956 771 1017 sextus
799 950 883 1016 liber
903 949 1068 1017 Martialis
1095 958 1174 1036 post
1198 950 1316 1017 trium·

195 1063 297 1147 phum
323 1060 482 1125 Dacicum
509 1069 642 1127 stante
672 1068 810 1125 mortem
838 1059 947 1127 Juliae
974 1060 1080 1127 editus
1095 1062 1132 1147 ¹).
1178 1060 1233 1126 Ex
1254 1059 1320 1128 hao'

194 1182 378 1256 temporum
399 1169 524 1235 ratione
546 1170 695 1252 efficitur,
722 1179 759 1234 ut
779 1193 831 1236 res
854 1193 873 1236 a
894 1170 1055 1238 Juvenale
1082 1191 1316 1237 commemora·

195 1292 248 1348 tae
281 1279 388 1366 spatio
424 1303 582 1346 annorum
611 1279 737 1346 84-90
765 1281 1091 1368 comprehendantur.
1134 1280 1215 1346 Jam
1239 1304 1313 1347 vero

173 1374 335 1478 apparet
352 1390 434 1456 nihil
455 1392 489 1456 iu
511 1390 662 1458 versibus
684 1390 750 1460 illis
772 1393 895 1475 inesse,
917 1390 1005 1477 quod
1022 1389 1213 1477 prohibeat,
1237 1414 1327 1477 quo.

194 1505 301 1570 minus
324 1525 381 1569 eos
403 1509 481 1588 post
502 1508 628 1568 annum
644 1503 685 1566 90
709 1502 819 1586 aliquo
848 1483 1004 1588 temporis
1031 1501 1138 1588 spatio
1163 1504 1312 1588 interjec-

164 1609 172 1626 '
195 1624 240 1697 to,
262 1614 296 1680 id
318 1622 370 1679 est
389 1620 467 1699 post
486 1620 623 1678 mortem
645 1603 852 1696 Domitiani,
873 1612 1015 1698 scriptos
1037 1634 1110 1678 esse
1143 1621 1312 1698 putemus,

194 1747 293 1811 quum
315 1721 511 1790 vocabulum
532 1743 634 1806 uapor
655 1722 687 1786 in
711 1722 950 1808 significatione
964 1720 1068 1787 'latius
1086 1730 1225 1807 patente
1250 1746 1312 1791 sae·

193 1836 330 1921 pissime
351 1840 502 1917 ponatur.
544 1831 611 1899 Sed
638 1833 840 1897 econtrario
864 1832 984 1897 nullam
1012 1854 1143 1899 causam
1172 1816 1311 1920 reperio,

134 1948 138 1955 '
191 1967 292 2032 quare
315 1943 446 2010 credere
467 1966 534 2009 non
555 1943 653 2008 liceat
673 1943 879 2026 Juvenalem,
900 1943 1031 2009 vivente
1052 1944 1226 2010 etiamtum
1248 1946 1311 2012 Do·

194 2054 341 2136 mitiano,
363 2055 398 2119 in
424 2053 538 2136 satira,
560 2035 711 2120 nimirum
731 2054 766 2118 in
789 2053 918 2120 scriniis
940 2060 1079 2136 retenta,
1097 2053 1145 2120 sic
1169 2057 1311 2123 scribere

193 2165 357 2252 potuisse,
380 2164 570 2251 praesertim
592 2186 691 2248 quum
713 2171 839 2230 ceterae
861 2186 914 2231 res
936 2163 983 2228 ibi
1005 2163 1174 2249 expositae
1191 2167 1239 2232 ad
1259 2168 1312 2233 bu·

190 2278 244 2362 jus
266 2270 473 2360 imperatoris
506 2282 643 2340 aetatem
669 2274 842 2340 manifesto
876 2270 1074 2359 pertineant3
1101 2297 1179 2371 nam
1202 2299 1248 2342 ex
1269 2285 1312 2344 to·

193 2386 258 2453 tius
288 2386 405 2453 satirae
438 2391 628 2472 argumento
661 2384 853 2451 alterutrum
879 2384 919 2450 ad
946 2393 1075 2471 tempus
1108 2389 1311 2455 constituen-

193 2496 271 2562 dum
293 2516 456 2562 sumamus
477 2515 612 2561 necesse
639 2503 703 2559 est:
734 2504 790 2559 aut
816 2517 887 2560 eam
909 2495 969 2560 sub
991 2495 1185 2562 Domitiano
1210 2507 1310 2564 totam

196 2624 269 2669 esse
292 2605 506 2689 compositam
528 2612 584 2669 aut
605 2626 719 2670 versus
743 2604 868 2668 29-33
890 2614 1006 2690 postea
1026 2606 1184 2673 insertos.
1234 2607 1309 2675 Ver-

194 2722 285 2778 satur
317 2713 415 2794 euim,
448 2721 485 2776 ut
517 2713 647 2800 egregie
677 2716 743 2799 jam
775 2712 1010 2779 demonstravit
1037 2713 1259 2799 Heinriohius
1278 2719 1309 2783 in

194 2843 259 2890 sec.
288 2823 419 2907 specim.
452 2832 625 2889 comment.
659 2825 693 2889 in
726 2822 804 2892 Juv.
834 2832 896 2889 sat.
922 2823 1035 2910 (1810)
1068 2848 1100 2911 p.
1123 2827 1143 2888 9
1168 2848 1221 2914 sq.
1246 2831 1307 2916 (ap

175 2931 277 3026 ,Rupl
293 2932 331 2999 Τ.
347 2933 366 2998 Ι
382 2957 414 3021 p.
433 2933 472 2998 18
496 2935 561 3021 sq.)
582 2935 617 2999 in
640 2934 730 2999 vitiis
751 2933 909 3000 nobilium
931 2934 1146 3022 castigandis,
1170 2960 1256 3024 non,
1276 2947 1308 3004 ut

192 3054 286 3112 antea
308 3044 494 3125 credebaut,
516 3045 550 3108 iu
572 3043 779 3128 pbilosophis
801 3045 978 3111 introrsum
999 3046 1168 3132 turpibus,
1195 3048 1305 3116 babitu

191 3164 225 3217 et
246 3155 338 3219 vultu
360 3155 535 3243 linguaque
557 3155 750 3242 gravitatem
773 3152 998 3220 simulantibus
1014 3156 1203 3224 irridendis.
1238 3158 1304 3225 Neo

193 3285 272 3330 sane
292 3265 473 3331 mirandum
493 3275 545 3332 est
565 3264 693 3333 nobiles
716 3287 774 3331 seu
790 3283 958 3350 proceros,
981 3286 1063 3348 quos
1080 3265 1215 3334 adfatur
1231 3292 1304 3356 poe·

191 3384 224 3439 ta
245 3398 276 3440 v.
302 3373 373 3455 121,
396 3376 507 3441 eodem
529 3376 586 3441 illo
609 3385 772 3461 tempore,
799 3396 863 3458 quo
892 3397 1037 3441 severam
1063 3399 1192 3446 morum
1215 3403 1302 3466 prae

190 3486 349 3551 secturam
366 3495 554 3571 susceperat
569 3488 737 3571 princeps,
755 3486 936 3571 exemplum
953 3489 1022 3572 ejus
1039 3488 1206 3557 imitantes
1219 3513 1301 3557 acer·

191 3597 291 3663 rimos
315 3593 441 3661 moruin
467 3607 667 3665 correctores
699 3596 855 3663 exsistere
883 3605 978 3682 atque
1004 3580 1164 3682 imprimis
1192 3603 1301 3668 mulie·
1337 3589 1339 3593 ¹

190 3728 258 3789 res,
279 3707 320 3772 de
343 3707 461 3791 quibus
483 3707 584 3772 multa
611 3707 719 3793 capita
745 3706 885 3795 habebat
911 3708 964 3771 lex
989 3705 1094 3788 dulia,
1121 3714 1302 3784 accusatio·

191 3816 285 3882 nibus
307 3827 340 3884 et
358 3816 490 3905 judiciis
512 3838 629 3882 vexare
650 3817 809 3904 coepisse
854 3814 901 3880 Hi
927 3817 1037 3904 igitur,
1065 3839 1149 3902 quos
1178 3822 1301 3907 inducit

193 3978 391 3994 n———.-

292 4072 390 4142 ¹)‘Vid.
408 4083 438 4132 L.
455 4085 701 4135 Friedlaeuderi
727 4085 828 4135 dissert.
851 4085 883 4134 de
909 4083 1129 4147 temp‘librorum
1147 4086 1231 4140 Mart.
1247 4092 1299 4141 no

189 4175 298 4251 mitiano
315 4174 457 4237 imperante
474 4179 602 4228 editorum
620 4187 646 4229 et
664 4177 794 4230 Silvarum
813 4176 890 4229 Statii
908 4178 934 4226 in
952 4190 1039 4242 progr.
1053 4175 1203 4244 Regimont.
1212 4183 1298 4247 (1861)

98 4266 254 4368 All.
