<?xml version="1.0" encoding="UTF-8"?>
<!DOCTYPE html PUBLIC "-//W3C//DTD XHTML 1.0 Transitional//EN"
    "http://www.w3.org/TR/xhtml1/DTD/xhtml1-transitional.dtd">
<html xmlns="http://www.w3.org/1999/xhtml" xml:lang="en" lang="en">
 <head>
  <title>
</title>
<meta http-equiv="Content-Type" content="text/html;charset=utf-8" />
  <meta name='ocr-system' content='tesseract 3.04.00' />
  <meta name='ocr-capabilities' content='ocr_page ocr_carea ocr_par ocr_line ocrx_word'/>
</head>
<body>
  <div class='ocr_page' id='page_1' title='image "./detemporibusvit00synngoog_0042.png"; bbox 0 0 2722 4658; ppageno 0'>
   <div class='ocr_carea' id='block_1_1' title="bbox 1210 139 1216 169">
    <p class='ocr_par' dir='ltr' id='par_1_1' title="bbox 1210 139 1216 169">
     <span class='ocr_line' id='line_1_1' title="bbox 1210 139 1216 169; baseline 0 0"><span class='ocrx_word' id='word_1_1' title='bbox 1210 139 1216 169; x_wconf 88' lang='lat' dir='ltr'>l</span> 
     </span>
    </p>
   </div>
   <div class='ocr_carea' id='block_1_2' title="bbox 1123 182 1197 251">
    <p class='ocr_par' dir='ltr' id='par_1_2' title="bbox 1123 182 1197 251">
     <span class='ocr_line' id='line_1_2' title="bbox 1123 182 1197 251; baseline 0 0"><span class='ocrx_word' id='word_1_2' title='bbox 1123 182 1197 251; x_wconf 68' lang='lat'>&#39;35</span> 
     </span>
    </p>
   </div>
   <div class='ocr_carea' id='block_1_3' title="bbox 89 367 1335 4359">
    <p class='ocr_par' dir='ltr' id='par_1_3' title="bbox 89 367 1335 4359">
     <span class='ocr_line' id='line_1_3' title="bbox 125 367 1239 458; baseline 0 -20"><span class='ocrx_word' id='word_1_3' title='bbox 125 375 242 458; x_wconf 84' lang='lat' dir='ltr'>”quam</span> <span class='ocrx_word' id='word_1_4' title='bbox 263 371 353 458; x_wconf 87' lang='lat' dir='ltr'>quod</span> <span class='ocrx_word' id='word_1_5' title='bbox 372 370 496 437; x_wconf 92' lang='lat' dir='ltr'>obitum</span> <span class='ocrx_word' id='word_1_6' title='bbox 517 367 691 436; x_wconf 76' lang='lat' dir='ltr'>luvenalis</span> <span class='ocrx_word' id='word_1_7' title='bbox 718 369 760 435; x_wconf 87' lang='lat' dir='ltr'>ad</span> <span class='ocrx_word' id='word_1_8' title='bbox 780 368 943 436; x_wconf 81' lang='lat' dir='ltr'>Antonini</span> <span class='ocrx_word' id='word_1_9' title='bbox 967 377 1105 437; x_wconf 87' lang='lat' dir='ltr'>aetatem</span> <span class='ocrx_word' id='word_1_10' title='bbox 1129 370 1239 439; x_wconf 90' lang='lat' dir='ltr'>detru-</span> 
     </span>
     <span class='ocr_line' id='line_1_4' title="bbox 124 472 1238 568; baseline -0.002 -17"><span class='ocrx_word' id='word_1_11' title='bbox 124 485 218 553; x_wconf 83' lang='lat' dir='ltr'><strong>deret</strong></span> <span class='ocrx_word' id='word_1_12' title='bbox 239 492 355 549; x_wconf 87' lang='lat' dir='ltr'>ccntra</span> <span class='ocrx_word' id='word_1_13' title='bbox 376 484 445 568; x_wconf 87' lang='lat' dir='ltr'>ejus</span> <span class='ocrx_word' id='word_1_14' title='bbox 468 479 676 561; x_wconf 88' lang='lat' dir='ltr'>sententiam,</span> <span class='ocrx_word' id='word_1_15' title='bbox 699 472 751 547; x_wconf 88' lang='lat' dir='ltr'>oui</span> <span class='ocrx_word' id='word_1_16' title='bbox 772 488 936 564; x_wconf 86' lang='lat' dir='ltr'>acceptam</span> <span class='ocrx_word' id='word_1_17' title='bbox 957 480 1092 547; x_wconf 75' lang='lat' dir='ltr'>referret</span> <span class='ocrx_word' id='word_1_18' title='bbox 1111 491 1238 568; x_wconf 85' lang='lat' dir='ltr'>partem</span> 
     </span>
     <span class='ocr_line' id='line_1_5' title="bbox 127 588 1239 679; baseline -0.004 -18"><span class='ocrx_word' id='word_1_19' title='bbox 127 596 214 661; x_wconf 86' lang='lat' dir='ltr'>vitae</span> <span class='ocrx_word' id='word_1_20' title='bbox 245 593 405 679; x_wconf 87' lang='lat' dir='ltr'>priorem&#39;’</span> <span class='ocrx_word' id='word_1_21' title='bbox 433 590 470 676; x_wconf 90' lang='lat' dir='ltr'>(l.</span> <span class='ocrx_word' id='word_1_22' title='bbox 493 610 521 656; x_wconf 89' lang='lat' dir='ltr'>c.</span> <span class='ocrx_word' id='word_1_23' title='bbox 542 613 575 675; x_wconf 89' lang='lat' dir='ltr'>p.</span> <span class='ocrx_word' id='word_1_24' title='bbox 597 591 637 653; x_wconf 82' lang='grc'>76</span> <span class='ocrx_word' id='word_1_25' title='bbox 659 597 693 656; x_wconf 91' lang='lat' dir='ltr'>et</span> <span class='ocrx_word' id='word_1_26' title='bbox 714 590 778 678; x_wconf 89' lang='grc'>90).</span> <span class='ocrx_word' id='word_1_27' title='bbox 826 588 880 657; x_wconf 84' lang='lat' dir='ltr'>Ita</span> <span class='ocrx_word' id='word_1_28' title='bbox 912 589 1093 677; x_wconf 81' lang='lat' dir='ltr'>disputavit</span> <span class='ocrx_word' id='word_1_29' title='bbox 1117 591 1239 658; x_wconf 79' lang='lat' dir='ltr'>Franc-</span> 
     </span>
     <span class='ocr_line' id='line_1_6' title="bbox 124 697 1239 794; baseline -0.002 -24"><span class='ocrx_word' id='word_1_30' title='bbox 124 704 218 786; x_wconf 86' lang='lat' dir='ltr'>kius,</span> <span class='ocrx_word' id='word_1_31' title='bbox 240 705 292 794; x_wconf 88' lang='lat' dir='ltr'>cui</span> <span class='ocrx_word' id='word_1_32' title='bbox 313 701 464 787; x_wconf 78' lang='lat' dir='ltr'>assentiri</span> <span class='ocrx_word' id='word_1_33' title='bbox 486 701 633 787; x_wconf 87' lang='lat' dir='ltr'>equidem</span> <span class='ocrx_word' id='word_1_34' title='bbox 654 724 721 768; x_wconf 93' lang='lat' dir='ltr'>non</span> <span class='ocrx_word' id='word_1_35' title='bbox 742 701 939 786; x_wconf 75' lang='lat' dir='ltr'><strong>dubitarem,</strong></span> <span class='ocrx_word' id='word_1_36' title='bbox 961 702 989 768; x_wconf 93' lang='lat' dir='ltr'>si</span> <span class='ocrx_word' id='word_1_37' title='bbox 1010 698 1078 767; x_wconf 93' lang='lat' dir='ltr'>ulla</span> <span class='ocrx_word' id='word_1_38' title='bbox 1098 697 1239 791; x_wconf 75' lang='lat' dir='ltr'>vestigia</span> 
     </span>
     <span class='ocr_line' id='line_1_7' title="bbox 118 807 1239 899; baseline 0.005 -26"><span class='ocrx_word' id='word_1_39' title='bbox 118 814 171 880; x_wconf 84' lang='lat' dir='ltr'>:ad</span> <span class='ocrx_word' id='word_1_40' title='bbox 191 823 255 879; x_wconf 90' lang='lat' dir='ltr'>tam</span> <span class='ocrx_word' id='word_1_41' title='bbox 277 813 429 879; x_wconf 89' lang='lat' dir='ltr'>subtilem</span> <span class='ocrx_word' id='word_1_42' title='bbox 450 812 720 899; x_wconf 84' lang='lat' dir='ltr'>artificiosamque</span> <span class='ocrx_word' id='word_1_43' title='bbox 741 812 929 898; x_wconf 88' lang='lat' dir='ltr'>disputandi</span> <span class='ocrx_word' id='word_1_44' title='bbox 949 813 1109 879; x_wconf 85' lang='lat' dir='ltr'>rationem</span> <span class='ocrx_word' id='word_1_45' title='bbox 1129 812 1164 879; x_wconf 91' lang='lat' dir='ltr'>in</span> <span class='ocrx_word' id='word_1_46' title='bbox 1184 807 1239 880; x_wconf 87' lang='lat' dir='ltr'>his</span> 
     </span>
     <span class='ocr_line' id='line_1_8' title="bbox 118 922 1239 1010; baseline 0 -23"><span class='ocrx_word' id='word_1_47' title='bbox 118 923 204 990; x_wconf 81' lang='lat' dir='ltr'>¹uitis</span> <span class='ocrx_word' id='word_1_48' title='bbox 227 922 442 1009; x_wconf 87' lang='lat' dir='ltr'>dijudicandis</span> <span class='ocrx_word' id='word_1_49' title='bbox 469 944 531 989; x_wconf 88' lang='lat' dir='ltr'>nos</span> <span class='ocrx_word' id='word_1_50' title='bbox 558 922 765 988; x_wconf 79' lang='lat' dir='ltr'>deducerent.</span> <span class='ocrx_word' id='word_1_51' title='bbox 806 923 1007 1009; x_wconf 80' lang='lat' dir='ltr'>Quamquam</span> <span class='ocrx_word' id='word_1_52' title='bbox 1033 922 1119 988; x_wconf 90' lang='lat' dir='ltr'>enim</span> <span class='ocrx_word' id='word_1_53' title='bbox 1145 940 1239 1010; x_wconf 80' lang='lat' dir='ltr'>saga·</span> 
     </span>
     <span class='ocr_line' id='line_1_9' title="bbox 125 1031 1239 1118; baseline -0.003 -18"><span class='ocrx_word' id='word_1_54' title='bbox 125 1035 220 1100; x_wconf 92' lang='lat' dir='ltr'>citati</span> <span class='ocrx_word' id='word_1_55' title='bbox 240 1032 394 1097; x_wconf 80' lang='lat' dir='ltr'>Franolrii</span> <span class='ocrx_word' id='word_1_56' title='bbox 415 1032 515 1097; x_wconf 90' lang='lat' dir='ltr'>multa</span> <span class='ocrx_word' id='word_1_57' title='bbox 537 1031 707 1115; x_wconf 90' lang='lat' dir='ltr'>debemus,</span> <span class='ocrx_word' id='word_1_58' title='bbox 729 1041 842 1118; x_wconf 86' lang='lat' dir='ltr'>utpote</span> <span class='ocrx_word' id='word_1_59' title='bbox 864 1034 921 1117; x_wconf 94' lang='lat' dir='ltr'>qui</span> <span class='ocrx_word' id='word_1_60' title='bbox 940 1033 1065 1117; x_wconf 90' lang='lat' dir='ltr'>primus</span> <span class='ocrx_word' id='word_1_61' title='bbox 1082 1039 1169 1098; x_wconf 85' lang='lat' dir='ltr'>certe</span> <span class='ocrx_word' id='word_1_62' title='bbox 1191 1040 1239 1099; x_wconf 90' lang='lat' dir='ltr'>at·</span> 
     </span>
     <span class='ocr_line' id='line_1_10' title="bbox 89 1139 1238 1230; baseline 0.003 -25"><span class='ocrx_word' id='word_1_63' title='bbox 89 1193 92 1205; x_wconf 85' lang='lat'>.</span> <span class='ocrx_word' id='word_1_64' title='bbox 125 1166 191 1230; x_wconf 87' lang='lat' dir='ltr'>que</span> <span class='ocrx_word' id='word_1_65' title='bbox 213 1162 315 1226; x_wconf 90' lang='lat' dir='ltr'>usque</span> <span class='ocrx_word' id='word_1_66' title='bbox 337 1139 529 1208; x_wconf 78' lang='lat' dir='ltr'>adhaesere</span> <span class='ocrx_word' id='word_1_67' title='bbox 557 1142 646 1209; x_wconf 91' lang='lat' dir='ltr'>solus</span> <span class='ocrx_word' id='word_1_68' title='bbox 667 1145 769 1227; x_wconf 85' lang='lat' dir='ltr'>viam,</span> <span class='ocrx_word' id='word_1_69' title='bbox 792 1165 856 1227; x_wconf 94' lang='lat' dir='ltr'>qua</span> <span class='ocrx_word' id='word_1_70' title='bbox 876 1142 1015 1209; x_wconf 82' lang='lat' dir='ltr'>vitarum</span> <span class='ocrx_word' id='word_1_71' title='bbox 1035 1141 1238 1209; x_wconf 84' lang='lat' dir='ltr'>differentias</span> 
     </span>
     <span class='ocr_line' id='line_1_11' title="bbox 125 1246 1237 1339; baseline 0.003 -23"><span class='ocrx_word' id='word_1_72' title='bbox 125 1253 382 1319; x_wconf 80' lang='lat' dir='ltr'>commodanon</span> <span class='ocrx_word' id='word_1_73' title='bbox 409 1253 571 1338; x_wconf 87' lang='lat' dir='ltr'>explicare</span> <span class='ocrx_word' id='word_1_74' title='bbox 606 1254 725 1336; x_wconf 92' lang='lat' dir='ltr'>solum,</span> <span class='ocrx_word' id='word_1_75' title='bbox 748 1268 860 1320; x_wconf 88' lang='lat' dir='ltr'>verum</span> <span class='ocrx_word' id='word_1_76' title='bbox 883 1253 980 1318; x_wconf 82' lang='lat' dir='ltr'>etiam</span> <span class='ocrx_word' id='word_1_77' title='bbox 1007 1246 1237 1339; x_wconf 80' lang='lat' dir='ltr'>aliquomodo</span> 
     </span>
     <span class='ocr_line' id='line_1_12' title="bbox 125 1354 1236 1445; baseline 0.001 -17"><span class='ocrx_word' id='word_1_78' title='bbox 125 1363 242 1429; x_wconf 89' lang='lat' dir='ltr'>tollere</span> <span class='ocrx_word' id='word_1_79' title='bbox 262 1362 374 1445; x_wconf 89' lang='lat' dir='ltr'>liceat,</span> <span class='ocrx_word' id='word_1_80' title='bbox 407 1362 694 1443; x_wconf 79' lang='lat' dir='ltr'>demonstraverit,</span> <span class='ocrx_word' id='word_1_81' title='bbox 726 1366 832 1429; x_wconf 92' lang='lat' dir='ltr'>minus</span> <span class='ocrx_word' id='word_1_82' title='bbox 860 1372 967 1427; x_wconf 85' lang='lat' dir='ltr'>tamen</span> <span class='ocrx_word' id='word_1_83' title='bbox 990 1369 1059 1427; x_wconf 90' lang='lat' dir='ltr'>tuta</span> <span class='ocrx_word' id='word_1_84' title='bbox 1079 1354 1236 1429; x_wconf 79' lang='lat' dir='ltr'>habeatur</span> 
     </span>
     <span class='ocr_line' id='line_1_13' title="bbox 127 1471 1239 1560; baseline -0.001 -20"><span class='ocrx_word' id='word_1_85' title='bbox 127 1481 258 1560; x_wconf 90' lang='lat' dir='ltr'>oportet</span> <span class='ocrx_word' id='word_1_86' title='bbox 277 1473 373 1555; x_wconf 89' lang='lat' dir='ltr'>ratio,</span> <span class='ocrx_word' id='word_1_87' title='bbox 396 1494 492 1555; x_wconf 88' lang='lat' dir='ltr'>quam</span> <span class='ocrx_word' id='word_1_88' title='bbox 514 1473 803 1558; x_wconf 81' lang='lat' dir='ltr'>argumentationis</span> <span class='ocrx_word' id='word_1_89' title='bbox 824 1471 1069 1537; x_wconf 80' lang='lat' dir='ltr'>moderatricem</span> <span class='ocrx_word' id='word_1_90' title='bbox 1085 1494 1157 1539; x_wconf 92' lang='lat' dir='ltr'>esse</span> <span class='ocrx_word' id='word_1_91' title='bbox 1180 1497 1239 1539; x_wconf 85' lang='lat' dir='ltr'>vo·</span> 
     </span>
     <span class='ocr_line' id='line_1_14' title="bbox 124 1580 1239 1676; baseline -0.001 -28"><span class='ocrx_word' id='word_1_92' title='bbox 124 1583 202 1668; x_wconf 91' lang='lat' dir='ltr'>luit,</span> <span class='ocrx_word' id='word_1_93' title='bbox 229 1584 276 1648; x_wconf 92' lang='lat' dir='ltr'>ita</span> <span class='ocrx_word' id='word_1_94' title='bbox 301 1593 340 1648; x_wconf 94' lang='lat' dir='ltr'>ut</span> <span class='ocrx_word' id='word_1_95' title='bbox 366 1582 549 1676; x_wconf 82' lang='lat' dir='ltr'>imaginem,</span> <span class='ocrx_word' id='word_1_96' title='bbox 577 1602 660 1663; x_wconf 89' lang='lat' dir='ltr'>quae</span> <span class='ocrx_word' id='word_1_97' title='bbox 687 1580 775 1646; x_wconf 92' lang='lat' dir='ltr'>haud</span> <span class='ocrx_word' id='word_1_98' title='bbox 801 1581 926 1646; x_wconf 88' lang='lat' dir='ltr'>absona</span> <span class='ocrx_word' id='word_1_99' title='bbox 957 1582 986 1648; x_wconf 86' lang='lat' dir='ltr'>ei</span> <span class='ocrx_word' id='word_1_100' title='bbox 1018 1590 1053 1645; x_wconf 91' lang='lat' dir='ltr'>et</span> <span class='ocrx_word' id='word_1_101' title='bbox 1081 1602 1159 1647; x_wconf 83' lang='lat' dir='ltr'>vera</span> <span class='ocrx_word' id='word_1_102' title='bbox 1188 1584 1239 1647; x_wconf 86' lang='lat' dir='ltr'>vi·</span> 
     </span>
     <span class='ocr_line' id='line_1_15' title="bbox 123 1689 1238 1780; baseline -0.003 -21"><span class='ocrx_word' id='word_1_103' title='bbox 123 1693 272 1775; x_wconf 89' lang='lat' dir='ltr'>debatur,</span> <span class='ocrx_word' id='word_1_104' title='bbox 286 1714 341 1766; x_wconf 73' lang='lat' dir='ltr'>‚ex</span> <span class='ocrx_word' id='word_1_105' title='bbox 371 1693 441 1758; x_wconf 88' lang='lat' dir='ltr'>vita</span> <span class='ocrx_word' id='word_1_106' title='bbox 466 1690 643 1774; x_wconf 79' lang='lat' dir='ltr'>Probiana,</span> <span class='ocrx_word' id='word_1_107' title='bbox 675 1702 712 1756; x_wconf 91' lang='lat' dir='ltr'>ut</span> <span class='ocrx_word' id='word_1_108' title='bbox 739 1689 995 1777; x_wconf 86' lang='lat' dir='ltr'>antiquissimam</span> <span class='ocrx_word' id='word_1_109' title='bbox 1025 1690 1114 1756; x_wconf 88' lang='lat' dir='ltr'>illam</span> <span class='ocrx_word' id='word_1_110' title='bbox 1141 1689 1238 1780; x_wconf 78' lang='lat' dir='ltr'>(VI)</span> 
     </span>
     <span class='ocr_line' id='line_1_16' title="bbox 122 1773 1239 1895; baseline -0.003 -26"><span class='ocrx_word' id='word_1_111' title='bbox 122 1805 272 1883; x_wconf 79' lang='lat' dir='ltr'>vocavit,</span> <span class='ocrx_word' id='word_1_112' title='bbox 305 1800 508 1887; x_wconf 90' lang='lat' dir='ltr'>desumptam</span> <span class='ocrx_word' id='word_1_113' title='bbox 540 1802 603 1867; x_wconf 90' lang='lat' dir='ltr'>sibi</span> <span class='ocrx_word' id='word_1_114' title='bbox 635 1824 838 1895; x_wconf 83' lang='lat' dir='ltr'>proponens,</span> <span class='ocrx_word' id='word_1_115' title='bbox 869 1773 1021 1888; x_wconf 32' lang='lat' dir='ltr'>&#39;eandem&#39;</span> <span class='ocrx_word' id='word_1_116' title='bbox 1038 1801 1080 1866; x_wconf 92' lang='lat' dir='ltr'>ad</span> <span class='ocrx_word' id='word_1_117' title='bbox 1112 1802 1239 1866; x_wconf 88' lang='lat' dir='ltr'>somnia</span> 
     </span>
     <span class='ocr_line' id='line_1_17' title="bbox 124 1910 1239 1996; baseline -0.002 -18"><span class='ocrx_word' id='word_1_118' title='bbox 124 1912 374 1978; x_wconf 85' lang='lat' dir='ltr'>scholiastarum</span> <span class='ocrx_word' id='word_1_119' title='bbox 396 1911 589 1977; x_wconf 88' lang='lat' dir='ltr'>declaranda</span> <span class='ocrx_word' id='word_1_120' title='bbox 609 1911 1010 1978; x_wconf 84' lang='lat' dir='ltr'>accommodareeonatus</span> <span class='ocrx_word' id='word_1_121' title='bbox 1038 1911 1091 1977; x_wconf 89' lang='lat' dir='ltr'>sit.</span> <span class='ocrx_word' id='word_1_122' title='bbox 1134 1910 1239 1996; x_wconf 79' lang='lat' dir='ltr'>Quasi</span> 
     </span>
     <span class='ocr_line' id='line_1_18' title="bbox 125 1998 1239 2110; baseline 0.004 -24"><span class='ocrx_word' id='word_1_123' title='bbox 125 2006 192 2088; x_wconf 81' lang='lat' dir='ltr'>tam</span> <span class='ocrx_word' id='word_1_124' title='bbox 219 2022 392 2110; x_wconf 83' lang='lat' dir='ltr'>diligentes</span> <span class='ocrx_word' id='word_1_125' title='bbox 420 2023 541 2088; x_wconf 87' lang='lat' dir='ltr'>fuerint</span> <span class='ocrx_word' id='word_1_126' title='bbox 567 2022 715 2088; x_wconf 88' lang='lat' dir='ltr'>homines</span> <span class='ocrx_word' id='word_1_127' title='bbox 737 2024 801 2103; x_wconf 91' lang='lat' dir='ltr'>illi,</span> <span class='ocrx_word' id='word_1_128' title='bbox 822 1998 957 2109; x_wconf 33' lang='lat' dir='ltr'>ut,lqui</span> <span class='ocrx_word' id='word_1_129' title='bbox 979 2022 1076 2110; x_wconf 92' lang='lat' dir='ltr'>primi</span> <span class='ocrx_word' id='word_1_130' title='bbox 1097 2023 1239 2106; x_wconf 83' lang='lat' dir='ltr'>quodvis</span> 
     </span>
     <span class='ocr_line' id='line_1_19' title="bbox 123 2125 1238 2219; baseline 0.001 -21"><span class='ocrx_word' id='word_1_131' title='bbox 123 2156 241 2198; x_wconf 89' lang='lat' dir='ltr'>nomen</span> <span class='ocrx_word' id='word_1_132' title='bbox 263 2125 468 2219; x_wconf 82' lang='lat' dir='ltr'>imperatoris</span> <span class='ocrx_word' id='word_1_133' title='bbox 490 2135 688 2218; x_wconf 89' lang='lat' dir='ltr'>proferrent,</span> <span class='ocrx_word' id='word_1_134' title='bbox 711 2144 894 2199; x_wconf 88' lang='lat' dir='ltr'>commenta</span> <span class='ocrx_word' id='word_1_135' title='bbox 909 2155 968 2199; x_wconf 92' lang='lat' dir='ltr'>sua</span> <span class='ocrx_word' id='word_1_136' title='bbox 985 2130 1026 2197; x_wconf 96' lang='lat' dir='ltr'>ad</span> <span class='ocrx_word' id='word_1_137' title='bbox 1039 2133 1119 2218; x_wconf 89' lang='lat' dir='ltr'>justi</span> <span class='ocrx_word' id='word_1_138' title='bbox 1136 2154 1238 2218; x_wconf 90' lang='lat' dir='ltr'>qnan-</span> 
     </span>
     <span class='ocr_line' id='line_1_20' title="bbox 126 2224 1237 2336; baseline 0.001 -29"><span class='ocrx_word' id='word_1_139' title='bbox 126 2243 200 2307; x_wconf 92' lang='lat' dir='ltr'>dam</span> <span class='ocrx_word' id='word_1_140' title='bbox 234 2243 359 2307; x_wconf 87' lang='lat' dir='ltr'>ordinis</span> <span class='ocrx_word' id='word_1_141' title='bbox 392 2224 538 2304; x_wconf 84' lang='lat' dir='ltr'>normam</span> <span class='ocrx_word' id='word_1_142' title='bbox 570 2242 769 2326; x_wconf 81' lang='lat' dir='ltr'>cogitatione</span> <span class='ocrx_word' id='word_1_143' title='bbox 802 2242 1007 2336; x_wconf 80' lang='lat' dir='ltr'>informatam</span> <span class='ocrx_word' id='word_1_144' title='bbox 1043 2241 1237 2326; x_wconf 87' lang='lat' dir='ltr'>direxerint,</span> 
     </span>
     <span class='ocr_line' id='line_1_21' title="bbox 128 2349 1238 2434; baseline 0.003 -18"><span class='ocrx_word' id='word_1_145' title='bbox 128 2353 186 2416; x_wconf 90' lang='lat' dir='ltr'>alii</span> <span class='ocrx_word' id='word_1_146' title='bbox 207 2349 400 2416; x_wconf 83' lang='lat' dir='ltr'>Juvenalem</span> <span class='ocrx_word' id='word_1_147' title='bbox 429 2350 489 2412; x_wconf 90' lang='lat' dir='ltr'>sub</span> <span class='ocrx_word' id='word_1_148' title='bbox 512 2350 700 2414; x_wconf 89' lang='lat' dir='ltr'>Domitiano</span> <span class='ocrx_word' id='word_1_149' title='bbox 726 2359 862 2434; x_wconf 91' lang='lat' dir='ltr'>propter</span> <span class='ocrx_word' id='word_1_150' title='bbox 888 2371 1002 2415; x_wconf 83' lang='lat' dir='ltr'>versus</span> <span class='ocrx_word' id='word_1_151' title='bbox 1029 2352 1063 2416; x_wconf 93' lang='lat' dir='ltr'>in</span> <span class='ocrx_word' id='word_1_152' title='bbox 1085 2351 1238 2433; x_wconf 82' lang='lat' dir='ltr'>Paridem</span> 
     </span>
     <span class='ocr_line' id='line_1_22' title="bbox 92 2445 1238 2545; baseline 0.003 -19"><span class='ocrx_word' id='word_1_153' title='bbox 92 2466 93 2469; x_wconf 73' lang='grc'>’</span> <span class='ocrx_word' id='word_1_154' title='bbox 128 2445 276 2526; x_wconf 87' lang='lat' dir='ltr'>Neronis</span> <span class='ocrx_word' id='word_1_155' title='bbox 302 2459 506 2544; x_wconf 83' lang='lat' dir='ltr'>conscriptos</span> <span class='ocrx_word' id='word_1_156' title='bbox 539 2445 687 2523; x_wconf 86' lang='lat' dir='ltr'>exulasse</span> <span class='ocrx_word' id='word_1_157' title='bbox 715 2459 778 2525; x_wconf 92' lang='lat' dir='ltr'>sibi</span> <span class='ocrx_word' id='word_1_158' title='bbox 804 2457 979 2545; x_wconf 86' lang='lat' dir='ltr'>fingentes,</span> <span class='ocrx_word' id='word_1_159' title='bbox 1006 2459 1062 2524; x_wconf 90' lang='lat' dir='ltr'>alii</span> <span class='ocrx_word' id='word_1_160' title='bbox 1084 2463 1181 2528; x_wconf 87' lang='lat' dir='ltr'>exilio</span> <span class='ocrx_word' id='word_1_161' title='bbox 1203 2465 1238 2529; x_wconf 86' lang='lat' dir='ltr'>in</span> 
     </span>
     <span class='ocr_line' id='line_1_23' title="bbox 102 2549 1238 2656; baseline 0.003 -19"><span class='ocrx_word' id='word_1_162' title='bbox 102 2549 317 2656; x_wconf 30' lang='lat' dir='ltr'>‘posteriora&#39;</span> <span class='ocrx_word' id='word_1_163' title='bbox 332 2580 479 2655; x_wconf 90' lang='lat' dir='ltr'>tempora</span> <span class='ocrx_word' id='word_1_164' title='bbox 505 2567 671 2654; x_wconf 89' lang='lat' dir='ltr'>depresso,</span> <span class='ocrx_word' id='word_1_165' title='bbox 697 2569 880 2634; x_wconf 89' lang='lat' dir='ltr'>irrisionem</span> <span class='ocrx_word' id='word_1_166' title='bbox 907 2569 1036 2637; x_wconf 89' lang='lat' dir='ltr'>Paridis</span> <span class='ocrx_word' id='word_1_167' title='bbox 1057 2572 1238 2639; x_wconf 91' lang='lat' dir='ltr'>Domitiani</span> 
     </span>
     <span class='ocr_line' id='line_1_24' title="bbox 126 2662 1257 2770; baseline 0.004 -23"><span class='ocrx_word' id='word_1_168' title='bbox 126 2691 214 2747; x_wconf 86' lang='lat' dir='ltr'>reete</span> <span class='ocrx_word' id='word_1_169' title='bbox 237 2690 468 2769; x_wconf 87' lang='lat' dir='ltr'>agnoscentes,</span> <span class='ocrx_word' id='word_1_170' title='bbox 491 2698 527 2741; x_wconf 90' lang='lat' dir='ltr'>ao</span> <span class='ocrx_word' id='word_1_171' title='bbox 549 2701 616 2743; x_wconf 92' lang='lat' dir='ltr'>non</span> <span class='ocrx_word' id='word_1_172' title='bbox 637 2687 770 2760; x_wconf 87' lang='lat' dir='ltr'>temere,</span> <span class='ocrx_word' id='word_1_173' title='bbox 793 2678 882 2763; x_wconf 91' lang='lat' dir='ltr'>quod</span> <span class='ocrx_word' id='word_1_174' title='bbox 898 2681 1040 2748; x_wconf 86' lang='lat' dir='ltr'>maxime</span> <span class='ocrx_word' id='word_1_175' title='bbox 1051 2684 1086 2750; x_wconf 94' lang='lat' dir='ltr'>in</span> <span class='ocrx_word' id='word_1_176' title='bbox 1106 2705 1238 2770; x_wconf 90' lang='lat' dir='ltr'>promp-</span> <span class='ocrx_word' id='word_1_177' title='bbox 1256 2662 1257 2666; x_wconf 7' lang='grc' dir='ltr'><strong>Ἰ</strong></span> 
     </span>
     <span class='ocr_line' id='line_1_25' title="bbox 124 2790 1237 2885; baseline 0.001 -27"><span class='ocrx_word' id='word_1_178' title='bbox 124 2803 161 2858; x_wconf 86' lang='lat' dir='ltr'>tu</span> <span class='ocrx_word' id='word_1_179' title='bbox 182 2815 255 2859; x_wconf 92' lang='lat' dir='ltr'>esse</span> <span class='ocrx_word' id='word_1_180' title='bbox 277 2791 450 2872; x_wconf 85' lang='lat' dir='ltr'>videretur,</span> <span class='ocrx_word' id='word_1_181' title='bbox 477 2790 627 2875; x_wconf 89' lang='lat' dir='ltr'>protinus</span> <span class='ocrx_word' id='word_1_182' title='bbox 654 2790 857 2875; x_wconf 89' lang='lat' dir='ltr'>arripuerint.</span> <span class='ocrx_word' id='word_1_183' title='bbox 900 2790 1006 2885; x_wconf 72' lang='lat' dir='ltr'>Nihil=</span> <span class='ocrx_word' id='word_1_184' title='bbox 1022 2795 1108 2859; x_wconf 94' lang='lat' dir='ltr'>enim</span> <span class='ocrx_word' id='word_1_185' title='bbox 1136 2794 1237 2859; x_wconf 90' lang='lat' dir='ltr'>tutius</span> 
     </span>
     <span class='ocr_line' id='line_1_26' title="bbox 120 2901 1237 2988; baseline -0.003 -20"><span class='ocrx_word' id='word_1_186' title='bbox 120 2927 170 2968; x_wconf 40' lang='lat' dir='ltr'>*ex</span> <span class='ocrx_word' id='word_1_187' title='bbox 191 2905 329 2969; x_wconf 83' lang='lat' dir='ltr'>vitarum</span> <span class='ocrx_word' id='word_1_188' title='bbox 350 2922 435 2967; x_wconf 87' lang='lat' dir='ltr'>nunc</span> <span class='ocrx_word' id='word_1_189' title='bbox 458 2902 653 2966; x_wconf 84' lang='lat' dir='ltr'>exstantium</span> <span class='ocrx_word' id='word_1_190' title='bbox 675 2901 800 2966; x_wconf 89' lang='lat' dir='ltr'>ratione</span> <span class='ocrx_word' id='word_1_191' title='bbox 826 2902 978 2967; x_wconf 85' lang='lat' dir='ltr'>concludi</span> <span class='ocrx_word' id='word_1_192' title='bbox 1003 2924 1104 2988; x_wconf 89' lang='lat' dir='ltr'>posse</span> <span class='ocrx_word' id='word_1_193' title='bbox 1129 2902 1237 2970; x_wconf 81' lang='lat' dir='ltr'>uideo.</span> 
     </span>
     <span class='ocr_line' id='line_1_27' title="bbox 121 3008 1239 3108; baseline 0.004 -36"><span class='ocrx_word' id='word_1_194' title='bbox 121 3012 201 3079; x_wconf 74' lang='lat' dir='ltr'>‚Nee</span> <span class='ocrx_word' id='word_1_195' title='bbox 224 3035 300 3078; x_wconf 86' lang='lat' dir='ltr'>sane</span> <span class='ocrx_word' id='word_1_196' title='bbox 322 3011 424 3076; x_wconf 91' lang='lat' dir='ltr'>multo</span> <span class='ocrx_word' id='word_1_197' title='bbox 447 3011 550 3098; x_wconf 90' lang='lat' dir='ltr'>magis</span> <span class='ocrx_word' id='word_1_198' title='bbox 573 3008 613 3074; x_wconf 88' lang='lat' dir='ltr'>ad</span> <span class='ocrx_word' id='word_1_199' title='bbox 634 3010 894 3096; x_wconf 87' lang='lat' dir='ltr'>persuadendum</span> <span class='ocrx_word' id='word_1_200' title='bbox 911 3021 987 3096; x_wconf 87' lang='lat' dir='ltr'>apta</span> <span class='ocrx_word' id='word_1_201' title='bbox 1002 3021 1053 3108; x_wconf 84' lang='lat' dir='ltr'>est</span> <span class='ocrx_word' id='word_1_202' title='bbox 1070 3035 1239 3099; x_wconf 88' lang='lat' dir='ltr'>argumen-</span> 
     </span>
     <span class='ocr_line' id='line_1_28' title="bbox 124 3119 1239 3207; baseline -0.001 -17"><span class='ocrx_word' id='word_1_203' title='bbox 124 3125 210 3190; x_wconf 90' lang='lat' dir='ltr'>tatio</span> <span class='ocrx_word' id='word_1_204' title='bbox 232 3120 302 3205; x_wconf 83' lang='lat' dir='ltr'>illa,</span> <span class='ocrx_word' id='word_1_205' title='bbox 325 3144 421 3207; x_wconf 89' lang='lat' dir='ltr'>quam</span> <span class='ocrx_word' id='word_1_206' title='bbox 443 3122 486 3206; x_wconf 91' lang='lat' dir='ltr'>si,</span> <span class='ocrx_word' id='word_1_207' title='bbox 508 3119 540 3187; x_wconf 93' lang='lat' dir='ltr'>id</span> <span class='ocrx_word' id='word_1_208' title='bbox 569 3121 657 3204; x_wconf 89' lang='lat' dir='ltr'>quod</span> <span class='ocrx_word' id='word_1_209' title='bbox 688 3121 805 3187; x_wconf 89' lang='lat' dir='ltr'>iterum</span> <span class='ocrx_word' id='word_1_210' title='bbox 833 3143 870 3185; x_wconf 91' lang='lat' dir='ltr'>ac</span> <span class='ocrx_word' id='word_1_211' title='bbox 898 3123 1032 3207; x_wconf 81' lang='lat' dir='ltr'>saepius</span> <span class='ocrx_word' id='word_1_212' title='bbox 1056 3124 1161 3188; x_wconf 85' lang='lat' dir='ltr'>faeere</span> <span class='ocrx_word' id='word_1_213' title='bbox 1189 3125 1239 3189; x_wconf 93' lang='lat' dir='ltr'>in-</span> 
     </span>
     <span class='ocr_line' id='line_1_29' title="bbox 120 3224 1238 3323; baseline 0 -23"><span class='ocrx_word' id='word_1_214' title='bbox 120 3233 236 3300; x_wconf 89' lang='lat' dir='ltr'>stituit</span> <span class='ocrx_word' id='word_1_215' title='bbox 256 3232 454 3314; x_wconf 82' lang='lat' dir='ltr'>Franckius,</span> <span class='ocrx_word' id='word_1_216' title='bbox 481 3232 580 3296; x_wconf 88' lang='lat' dir='ltr'>verba</span> <span class='ocrx_word' id='word_1_217' title='bbox 604 3230 742 3311; x_wconf 86' lang='lat' dir='ltr'>istorum</span> <span class='ocrx_word' id='word_1_218' title='bbox 769 3231 811 3296; x_wconf 91' lang='lat' dir='ltr'>ad</span> <span class='ocrx_word' id='word_1_219' title='bbox 836 3233 1057 3323; x_wconf 78' lang='lat' dir='ltr'>incorruptam</span> <span class='ocrx_word' id='word_1_220' title='bbox 1080 3224 1238 3310; x_wconf 83' lang='lat' dir='ltr'>sermonis</span> 
     </span>
     <span class='ocr_line' id='line_1_30' title="bbox 125 3328 1238 3429; baseline 0.002 -21"><span class='ocrx_word' id='word_1_221' title='bbox 125 3342 238 3410; x_wconf 87' lang='lat' dir='ltr'>Latini</span> <span class='ocrx_word' id='word_1_222' title='bbox 260 3343 478 3429; x_wconf 90' lang='lat' dir='ltr'>integritatem</span> <span class='ocrx_word' id='word_1_223' title='bbox 499 3342 617 3406; x_wconf 90' lang='lat' dir='ltr'>mutari</span> <span class='ocrx_word' id='word_1_224' title='bbox 635 3342 784 3427; x_wconf 83' lang='lat' dir='ltr'>jusseris.</span> <span class='ocrx_word' id='word_1_225' title='bbox 818 3328 1135 3417; x_wconf 76' lang='lat' dir='ltr'>Sedmissamnune</span> <span class='ocrx_word' id='word_1_226' title='bbox 1152 3344 1238 3412; x_wconf 88' lang='lat' dir='ltr'>facio</span> 
     </span>
     <span class='ocr_line' id='line_1_31' title="bbox 127 3446 1239 3539; baseline 0 -22"><span class='ocrx_word' id='word_1_227' title='bbox 127 3453 349 3539; x_wconf 82' lang='lat' dir='ltr'>quaestionem</span> <span class='ocrx_word' id='word_1_228' title='bbox 372 3450 413 3516; x_wconf 91' lang='lat' dir='ltr'>de</span> <span class='ocrx_word' id='word_1_229' title='bbox 438 3451 500 3517; x_wconf 89' lang='lat' dir='ltr'>hae</span> <span class='ocrx_word' id='word_1_230' title='bbox 528 3453 608 3533; x_wconf 85' lang='lat' dir='ltr'>vita,</span> <span class='ocrx_word' id='word_1_231' title='bbox 641 3474 752 3538; x_wconf 92' lang='lat' dir='ltr'>quam,</span> <span class='ocrx_word' id='word_1_232' title='bbox 784 3446 916 3536; x_wconf 78' lang='lat' dir='ltr'>quoquo</span> <span class='ocrx_word' id='word_1_233' title='bbox 948 3446 1056 3519; x_wconf 71' lang='lat' dir='ltr'>modo&#39;</span> <span class='ocrx_word' id='word_1_234' title='bbox 1073 3461 1145 3519; x_wconf 88' lang='lat' dir='ltr'>orta</span> <span class='ocrx_word' id='word_1_235' title='bbox 1172 3461 1239 3534; x_wconf 90' lang='lat' dir='ltr'>est,</span> 
     </span>
     <span class='ocr_line' id='line_1_32' title="bbox 126 3559 1238 3652; baseline 0 -26"><span class='ocrx_word' id='word_1_236' title='bbox 126 3563 182 3626; x_wconf 81' lang='lat' dir='ltr'>vel</span> <span class='ocrx_word' id='word_1_237' title='bbox 203 3565 340 3628; x_wconf 88' lang='lat' dir='ltr'>maxime</span> <span class='ocrx_word' id='word_1_238' title='bbox 363 3562 405 3652; x_wconf 88' lang='lat' dir='ltr'>ob</span> <span class='ocrx_word' id='word_1_239' title='bbox 427 3583 498 3627; x_wconf 88' lang='lat' dir='ltr'>eam</span> <span class='ocrx_word' id='word_1_240' title='bbox 519 3583 650 3628; x_wconf 87' lang='lat' dir='ltr'>causam</span> <span class='ocrx_word' id='word_1_241' title='bbox 671 3584 737 3626; x_wconf 94' lang='lat' dir='ltr'>ncn</span> <span class='ocrx_word' id='word_1_242' title='bbox 763 3559 899 3646; x_wconf 86' lang='lat' dir='ltr'>possum</span> <span class='ocrx_word' id='word_1_243' title='bbox 922 3586 986 3628; x_wconf 93' lang='lat' dir='ltr'>non</span> <span class='ocrx_word' id='word_1_244' title='bbox 1003 3563 1179 3647; x_wconf 86' lang='lat' dir='ltr'>repudiare</span> <span class='ocrx_word' id='word_1_245' title='bbox 1200 3584 1238 3626; x_wconf 85' lang='lat' dir='ltr'>ac</span> 
     </span>
     <span class='ocr_line' id='line_1_33' title="bbox 128 3670 1239 3759; baseline 0.004 -24"><span class='ocrx_word' id='word_1_246' title='bbox 128 3693 207 3756; x_wconf 90' lang='lat' dir='ltr'>prae</span> <span class='ocrx_word' id='word_1_247' title='bbox 229 3673 345 3739; x_wconf 88' lang='lat' dir='ltr'>ceteris</span> <span class='ocrx_word' id='word_1_248' title='bbox 375 3672 556 3759; x_wconf 87' lang='lat' dir='ltr'>negligere,</span> <span class='ocrx_word' id='word_1_249' title='bbox 577 3672 680 3758; x_wconf 92' lang='lat' dir='ltr'>quod,</span> <span class='ocrx_word' id='word_1_250' title='bbox 706 3694 806 3758; x_wconf 90' lang='lat' dir='ltr'>quum</span> <span class='ocrx_word' id='word_1_251' title='bbox 827 3672 901 3738; x_wconf 90' lang='lat' dir='ltr'>illas</span> <span class='ocrx_word' id='word_1_252' title='bbox 928 3672 1090 3739; x_wconf 90' lang='lat' dir='ltr'>communi</span> <span class='ocrx_word' id='word_1_253' title='bbox 1112 3670 1239 3745; x_wconf 85' lang='lat' dir='ltr'>cuidam</span> 
     </span>
     <span class='ocr_line' id='line_1_34' title="bbox 125 3779 1240 3870; baseline 0.003 -24"><span class='ocrx_word' id='word_1_254' title='bbox 125 3781 212 3846; x_wconf 89' lang='lat' dir='ltr'>fonti</span> <span class='ocrx_word' id='word_1_255' title='bbox 237 3792 346 3867; x_wconf 88' lang='lat' dir='ltr'>aperte</span> <span class='ocrx_word' id='word_1_256' title='bbox 373 3782 561 3864; x_wconf 88' lang='lat' dir='ltr'>debeamus,</span> <span class='ocrx_word' id='word_1_257' title='bbox 591 3784 749 3870; x_wconf 87' lang='lat' dir='ltr'>originem</span> <span class='ocrx_word' id='word_1_258' title='bbox 777 3782 906 3850; x_wconf 91' lang='lat' dir='ltr'>aliunde</span> <span class='ocrx_word' id='word_1_259' title='bbox 932 3781 1080 3868; x_wconf 89' lang='lat' dir='ltr'>petitam,</span> <span class='ocrx_word' id='word_1_260' title='bbox 1095 3779 1240 3849; x_wconf 80' lang='lat' dir='ltr'>nisiex</span> 
     </span>
     <span class='ocr_line' id='line_1_35' title="bbox 126 3883 1272 3977; baseline 0.002 -19"><span class='ocrx_word' id='word_1_261' title='bbox 126 3892 192 3958; x_wconf 87' lang='lat' dir='ltr'>hoc</span> <span class='ocrx_word' id='word_1_262' title='bbox 219 3893 293 3977; x_wconf 91' lang='lat' dir='ltr'>ipsc</span> <span class='ocrx_word' id='word_1_263' title='bbox 320 3895 411 3959; x_wconf 88' lang='lat' dir='ltr'>fonte</span> <span class='ocrx_word' id='word_1_264' title='bbox 433 3892 486 3958; x_wconf 84' lang='lat' dir='ltr'>vel</span> <span class='ocrx_word' id='word_1_265' title='bbox 507 3892 591 3959; x_wconf 91' lang='lat' dir='ltr'>male</span> <span class='ocrx_word' id='word_1_266' title='bbox 604 3893 778 3959; x_wconf 68' lang='lat' dir='ltr'>,intellecto</span> <span class='ocrx_word' id='word_1_267' title='bbox 799 3895 853 3958; x_wconf 75' lang='lat' dir='ltr'>uel</span> <span class='ocrx_word' id='word_1_268' title='bbox 878 3891 995 3957; x_wconf 84' lang='lat' dir='ltr'>leviter</span> <span class='ocrx_word' id='word_1_269' title='bbox 1015 3898 1111 3976; x_wconf 91' lang='lat' dir='ltr'>atque</span> <span class='ocrx_word' id='word_1_270' title='bbox 1134 3914 1152 3958; x_wconf 91' lang='lat' dir='ltr'>e</span> <span class='ocrx_word' id='word_1_271' title='bbox 1173 3910 1239 3960; x_wconf 84' lang='lat' dir='ltr'>me·</span> <span class='ocrx_word' id='word_1_272' title='bbox 1267 3883 1272 3901; x_wconf 79' lang='lat'><em>&#39;</em></span> 
     </span>
     <span class='ocr_line' id='line_1_36' title="bbox 126 4001 1237 4091; baseline -0.002 -23"><span class='ocrx_word' id='word_1_273' title='bbox 126 4003 232 4068; x_wconf 91' lang='lat' dir='ltr'>moria</span> <span class='ocrx_word' id='word_1_274' title='bbox 259 4011 421 4088; x_wconf 82' lang='lat' dir='ltr'>reputato,</span> <span class='ocrx_word' id='word_1_275' title='bbox 453 4001 529 4086; x_wconf 88' lang='lat' dir='ltr'>huie</span> <span class='ocrx_word' id='word_1_276' title='bbox 561 4024 706 4090; x_wconf 86' lang='lat' dir='ltr'>quoque</span> <span class='ocrx_word' id='word_1_277' title='bbox 724 4003 891 4091; x_wconf 83' lang='lat' dir='ltr'>assignare</span> <span class='ocrx_word' id='word_1_278' title='bbox 922 4001 1056 4067; x_wconf 83' lang='lat' dir='ltr'>minime</span> <span class='ocrx_word' id='word_1_279' title='bbox 1078 4004 1141 4088; x_wconf 85' lang='lat' dir='ltr'>par</span> <span class='ocrx_word' id='word_1_280' title='bbox 1166 4003 1237 4068; x_wconf 89' lang='lat' dir='ltr'>erit.</span> 
     </span>
     <span class='ocr_line' id='line_1_37' title="bbox 126 4099 1302 4200; baseline -0.001 -22"><span class='ocrx_word' id='word_1_281' title='bbox 126 4111 243 4197; x_wconf 84' lang='lat' dir='ltr'>Neque</span> <span class='ocrx_word' id='word_1_282' title='bbox 266 4132 306 4177; x_wconf 85' lang='lat' dir='ltr'>ex</span> <span class='ocrx_word' id='word_1_283' title='bbox 328 4113 398 4178; x_wconf 91' lang='lat' dir='ltr'>alio</span> <span class='ocrx_word' id='word_1_284' title='bbox 414 4114 519 4195; x_wconf 86' lang='lat' dir='ltr'>fonte,</span> <span class='ocrx_word' id='word_1_285' title='bbox 541 4125 654 4199; x_wconf 88' lang='lat' dir='ltr'>utpote</span> <span class='ocrx_word' id='word_1_286' title='bbox 677 4117 768 4199; x_wconf 87' lang='lat' dir='ltr'>cujus</span> <span class='ocrx_word' id='word_1_287' title='bbox 791 4113 931 4200; x_wconf 84' lang='lat' dir='ltr'>vestigia</span> <span class='ocrx_word' id='word_1_288' title='bbox 951 4124 1078 4197; x_wconf 88' lang='lat' dir='ltr'>praeter</span> <span class='ocrx_word' id='word_1_289' title='bbox 1099 4113 1200 4196; x_wconf 85' lang='lat' dir='ltr'>vitam</span> <span class='ocrx_word' id='word_1_290' title='bbox 1220 4099 1261 4177; x_wconf 59' lang='lat'>1¹</span> <span class='ocrx_word' id='word_1_291' title='bbox 1299 4156 1302 4161; x_wconf 92' lang='lat'><em>-</em></span> 
     </span>
     <span class='ocr_line' id='line_1_38' title="bbox 125 4112 1335 4359; baseline -0.003 -69"><span class='ocrx_word' id='word_1_292' title='bbox 125 4219 216 4290; x_wconf 91' lang='lat' dir='ltr'>nulla</span> <span class='ocrx_word' id='word_1_293' title='bbox 237 4223 355 4290; x_wconf 87' lang='lat' dir='ltr'>clarius</span> <span class='ocrx_word' id='word_1_294' title='bbox 377 4225 550 4309; x_wconf 86' lang='lat' dir='ltr'>exprimat,</span> <span class='ocrx_word' id='word_1_295' title='bbox 572 4246 720 4291; x_wconf 87' lang='lat' dir='ltr'>manasse</span> <span class='ocrx_word' id='word_1_296' title='bbox 742 4224 871 4289; x_wconf 84' lang='lat' dir='ltr'>videtur</span> <span class='ocrx_word' id='word_1_297' title='bbox 893 4220 1008 4287; x_wconf 90' lang='lat' dir='ltr'>vitain</span> <span class='ocrx_word' id='word_1_298' title='bbox 1030 4221 1155 4306; x_wconf 87' lang='lat' dir='ltr'>duplici</span> <span class='ocrx_word' id='word_1_299' title='bbox 1173 4223 1242 4286; x_wconf 74' lang='lat' dir='ltr'>ior·</span> <span class='ocrx_word' id='word_1_300' title='bbox 1257 4112 1335 4359; x_wconf 54' lang='lat'><strong>⁴</strong></span> 
     </span>
    </p>
   </div>
   <div class='ocr_carea' id='block_1_4' title="bbox 0 0 1366 4658">
    <p class='ocr_par' dir='ltr' id='par_1_4' title="bbox 0 0 1366 4658">
     <span class='ocr_line' id='line_1_39' title="bbox 0 0 1366 4658; baseline 0 0"><span class='ocrx_word' id='word_1_301' title='bbox 0 0 1366 4658; x_wconf 95' lang='lat' dir='ltr'> </span> 
     </span>
    </p>
   </div>
   <div class='ocr_carea' id='block_1_5' title="bbox 651 4488 701 4549">
    <p class='ocr_par' dir='ltr' id='par_1_5' title="bbox 651 4488 701 4549">
     <span class='ocr_line' id='line_1_40' title="bbox 651 4488 701 4549; baseline 0.04 -55"><span class='ocrx_word' id='word_1_302' title='bbox 651 4494 674 4549; x_wconf 54' lang='lat' dir='ltr'><em>f</em></span> <span class='ocrx_word' id='word_1_303' title='bbox 686 4488 701 4496; x_wconf 74' lang='grc'>.,</span> 
     </span>
    </p>
   </div>
  </div>
 </body>
</html>
