2722 4658
213 218 253 281 18

172 395 244 491 ipsa
271 426 341 469 cum
373 403 533 489 prioribus
565 401 629 465 illis
661 422 773 484 parum
805 403 1000 485 conspirare.
1044 403 1148 467 Nullo
1173 403 1279 468 modo
1316 456 1320 487 ,

172 515 257 580 enim
278 514 461 589 «Iuvenalis,
490 512 517 578 si
545 511 751 598 tenporibus
763 509 904 576 Neronis
932 521 1026 578 natos
1041 513 1179 595 luisset,
1204 515 1279 598 jam

172 626 266 691 initio
287 624 413 710 imperii
433 621 576 710 Trajani,
594 644 691 707 quum
706 618 885 703 Martialis,
902 643 995 704 quom
1014 623 1073 687 sub
1095 623 1281 707 primordia

175 734 306 801 Nervae
324 734 427 802 Roma
448 732 622 800 secessisse
643 740 771 797 constat
791 732 871 816 (vid.
894 734 1027 818 interpr.
1050 733 1091 798 ad
1112 733 1197 797 Plin.
1223 755 1279 818 ep.
1342 792 1344 797 .

173 844 226 909 111
252 845 317 929 21),
339 845 441 933 epigr.
464 839 536 908 XII
559 841 598 905 18
620 864 658 907 ex
679 840 840 925 Hispania
862 841 902 906 ad
924 866 995 908 eum
1017 843 1151 910 Romam
1173 845 1281 929 misit,
1347 912 1351 920 ,

173 956 214 1020 ad
235 965 409 1022 extremam
430 960 628 1019 senectutem
648 953 835 1037 pervenisse
856 953 978 1037 potuit,
999 964 1034 1018 ut
1055 955 1218 1036 omittam,
1244 957 1281 1025 id

173 1066 263 1149 quod
284 1069 353 1149 jam
372 1064 496 1129 monuit
516 1061 707 1129 Dodwellus
732 1063 819 1128 Ann.
846 1062 958 1148 Quint.
981 1087 1012 1149 p.
1038 1066 1107 1139 157,
1129 1063 1281 1130 Nervam

86 1252 97 1265 x
173 1198 285 1246 omnes
307 1173 482 1240 Domitiani
504 1174 615 1238 exules
636 1191 807 1238 revocasse
829 1173 913 1257 (Dio
933 1168 1029 1240 Cass·
1045 1173 1213 1257 LXVIII,
1235 1177 1281 1264 1).

173 1285 259 1351 Nam
292 1283 376 1349 hunc
406 1284 645 1369 imperatorem,
679 1283 706 1347 s'i
734 1282 772 1347 de
799 1282 866 1348 ullo
894 1286 1024 1350 omnino
1058 1287 1233 1370 cogitauit,
1263 1313 1285 1354 a

174 1395 260 1460 vitae
293 1394 448 1479 scriptore
485 1403 648 1461 auctorem
685 1393 773 1459 exilii
794 1391 947 1458 -habi-tum
979 1393 1082 1461 fuisse
1112 1395 1284 1466 Martialis

174 1506 369 1571 mentionem
398 1504 540 1569 indicare
567 1503 623 1567 vix
649 1501 843 1568 monendum
869 1512 929 1570 eat.
973 1506 1077 1590 Atqui
1102 1507 1163 1571 hae
1184 1509 1289 1593 ipsae

174 1635 227 1681 res
248 1615 330 1681 inter
357 1635 393 1680 se
419 1608 635 1700 repugnantes
662 1613 802 1696 quodam
829 1613 925 1680 modo
953 1615 1121 1681 veritatem
1148 1628 1288 1686 senten-

174 1726 241 1790 tiae
259 1732 390 1791 nostrae
417 1723 621 1805 confirmant,
648 1745 722 1804 eos,
748 1723 875 1805 quibus
893 1705 974 1789 liano
1001 1727 1102 1791 vitam
1122 1727 1285 1797 dabamus

175 1838 265 1920 (nam
285 1832 395 1918 plures
417 1822 555 1898 fortasse
577 1831 678 1917 sunt),
700 1854 759 1897 suo
782 1854 925 1917 quaeque
945 1836 1030 1916 loeo,
1053 1837 1115 1901 alia
1141 1838 1182 1903 ab
1206 1839 1287 1908 aliis

176 1951 325 2030 separata
344 1942 448 2029 primo
469 1941 642 2008 invenisse.
686 1933 752 2010 Sed
775 1942 882 2007 omnia
908 1967 969 2010 nos
991 1947 1031 2012 ad
1059 1947 1172 2013 verba:
1203 1962 1288 2016 conr·

171 2055 307 2140 poribur
328 2051 469 2119 Neronia
493 2050 623 2118 Claudii
648 2053 857 2138 imperatoria
884 2076 924 2118 ex
945 2078 984 2122 eo
1005 2055 1089 2138 loco,
1115 2058 1171 2123 nbi
1193 2084 1292 2128 nunc

176 2166 339 2251 leguntur,
362 2161 536 2247 rejicienda
561 2161 691 2226 ducunt.
740 2161 792 2227 Ne
818 2162 937 2246 dicam,
965 2176 1163 2253 quantopere
1191 2173 1295 2238 omni

177 2271 467 2341 verisimilitudinis
482 2273 589 2358 specie
606 2272 653 2338 sic
668 2275 775 2358 posita
792 2297 849 2360 per
866 2290 900 2342 se
918 2278 1058 2362 careant,
1079 2301 1119 2344 ne
1135 2286 1297 2351 antemis-

177 2382 306 2468 quidem
337 2380 466 2449 indiciis
499 2382 629 2448 omnino
666 2384 811 2449 destituti
844 2408 963 2453 sumus.
1019 2386 1105 2453 Nam
1142 2393 1294 2461 eundem*

177 2496 283 2561 locum
304 2496 339 2559 in
360 2475 508 2559 omnibus
531 2492 607 2558 vitis
629 2516 694 2558 non
717 2495 877 2560 obtinent
907 2498 999 2563 Duas
1015 2498 1114 2583 enim,
1131 2523 1221 2585 quae·
1234 2527 1290 2572 sea

178 2604 263 2668 riore
289 2601 418 2685 quidem
439 2611 602 2686 tempore,
629 2610 665 2664 ut
690 2603 849 2687 videntur,
872 2607 1075 2692 conscriptae
1103 2620 1194 2694 snut,
1225 2617 1288 2682 aad

179 2722 284 2777 tammr
310 2710 519 2798 gravissimae
551 2710 645 2797 hujus
671 2703 729 2777 rei'
745 2721 846 2780 testes
873 2716 983 2783 haberi
1005 2717 1135 2801 debent,
1158 2723 1288 2811 quippe
1322 2708 1326 2719 ¹

179 2846 260 2908 quae
282 2822 323 2889 ed
343 2820 479 2888 eundem
499 2820 622 2886 sonum
642 2843 679 2887 ac
701 2832 825 2890 ceterae
840 2838 949 2913 apeata
964 2828 1108 2912 redeant,
1130 2837 1306 2921 cognitae·

179 2933 292 3013 habeo,
325 2933 359 2998 in
392 2930 507 3015 quibus
541 2931 640 2998 verba
665 2933 722 2998 illa
752 2935 791 3000 ad
819 2956 890 3002 voc.
923 2938 1114 3005 duolumuuit
1137 2947 1293 3014 referans

179 3050 241 3108 eur.
283 3041 322 3105 In
341 3041 447 3109 utera·
463 3062 513 3127 ap.
537 3034 691 3109 crinium
711 3045 988 3132 (animaruum.
1006 3029 1289 3125 sinistam

99 3227 100 3231 Ἰ
180 3175 208 3218 c.
232 3155 302 3237 lp.
327 3151 379 3236 12)
402 3149 511 3222 e'cod.
537 3147 691 3217 Seriverii
718 3152 865 3220 exhibita
882 3157 929 3222 siu
951 3181 986 3224 se
1008 3161 1142 3228 habent:
1167 3171 1291 3251 primu·
1320 3197 1325 3204 ·

181 3274 285 3329 aetatu
311 3261 427 3340 tacuit,
451 3261 556 3326 media
583 3261 773 3343 declamauit
805 3269 999 3351 tremoribus
1027 3272 1164 3337 Claudii.
1178 3275 1289 3346 Nouo.

180 3375 233 3436 uia
264 3353 471 3456 imperatoris
497 3374 700 3458 primatusque
739 3375 778 3437 iu
806 3378 963 3443 Paridem
990 3385 1224 3466 paui-ornirwm
1252 3401 1288 3458 er

93 3548 98 3564 k
182 3504 213 3566 q.
236 3505 278 3565 a,
294 3481 327 3546 in
349 3480 450 3545 altera
470 3503 520 3566 ap.
542 3480 749 3570 Pintzgerum
772 3487 806 3572 (l.
823 3507 850 3550 c.
867 3510 899 3573 p.
911 3488 1015 3577 uode
1033 3493 1150 3559 codice
1165 3496 1297 3568 bibliot-e

183 3594 292 3663 thecae
314 3589 557 3679 Rehdigeranae
574 3590 791 3660 Vratislaviae
813 3599 975 3684 exscripta
996 3602 1108 3682 eodem
1128 3605 1197 3673 fere
1212 3628 1288 3678 mou

182 3703 241 3768 do:
263 3702 328 3769 Hie
345 3703 463 3787 prima.
478 3713 581 3766 aetate
608 3707 725 3786 iacuit,
752 3707 859 3771 medic
884 3731 959 3775 uero
985 3712 1176 3780 &clamauit
1203 3730 1290 3787 tem·

177 3814 312 3898 poribus
342 3811 471 3883 Claudii
496 3807 656 3879 Nereida..
697 3817 843 3889 Rriuuum
873 3823 909 3884 iu
936 3822 1094 3887 Paridem
1119 3835 1307 3909 pomanus

214 3945 267 3987 um
288 3931 320 3988 et
341 3944 373 4008 q.
396 3948 422 3990 s.
438 3920 483 4009 ¹).*
517 3917 573 3987 Sic
601 3924 707 3989 omnia
731 3926 816 3992 inter
841 3951 882 3995 se·
901 3931 1000 3997 multo
1028 3933 1146 4001 melius
1163 3933 1288 4010 cotnraa

229 4128 255 4225 ζ’
283 4169 399 4231 ²):r01u
415 4173 492 4232 mihi,
511 4187 587 4238 quum
606 4173 670 4225 uses
687 4175 840 4239 sunonem-5
853 4192 907 4229 non
923 4180 963 4229 ir
974 4190 1081 4234 mamm*
1094 4183 1294 4246 rnivvorumer

250 4258 361 4323 'Cranii
382 4262 426 4314 ubi
448 4266 501 4315 vira
522 4267 567 4316 illa
587 4268 689 4331 legitur.
729 4267 787 4320 Sed·
799 4269 873 4322 imC.
891 4272 1030 4338 Kompfii
1048 4275 1154 4327 Obrarr.
1171 4281 1201 4331 in
1217 4283 1293 4337 ’31η-
1318 4287 1322 4295 “
