2722 4658
1175 215 1196 279 l

88 382 93 391 .
129 406 174 473 de
191 384 363 492 probavit,
382 405 423 470 ad
446 403 638 469 breuitatem
656 403 921 489 jejunitatemque
938 409 1024 468 recte
1038 423 1240 486 provocant,

128 540 227 602 quum
249 539 315 583 non
336 515 435 581 modo
457 512 650 598 Suetonius,
672 514 727 600 qui
748 511 893 600 ejusdem
915 521 1002 578 esset
1023 511 1148 599 aetatis,
1171 520 1235 577 tarn
1263 594 1275 623 ἱ

127 649 232 715 pauca
253 636 286 692 et
307 627 446 691 incerta«
459 625 637 690 traditurus
664 623 794 705 fuisset,
823 623 884 690 sed.
906 644 947 688 ne
975 632 1144 708 excerptor
1165 622 1236 709 qui·
1342 657 1351 670 ·

127 738 220 820 dem,
237 737 266 803 si
287 735 474 801 uberiorem
496 733 597 798 vitam
619 756 639 798 a
661 730 820 798 Suetonio
849 732 1067 820 conscriptam
1093 732 1128 798 in
1149 754 1235 799 com·

125 847 286 932 pendium
314 844 509 932 redegisset,
548 842 625 908 talia
659 843 839 926 omisisset,
872 843 1027 929 '’qualia'',
1057 851 1095 907 ut
1125 842 1234 909 verbis
1253 865 1274 919 '.

128 955 283 1021 Franckii
305 964 392 1037 utar,
408 953 472 1020 ”de
490 977 550 1020 suo
573 933 689 1019 addere
711 955 822 1039 potius
845 953 985 1035 omissa,
1007 973 1104 1036 quam
1125 952 1236 1019 additu

125 1060 280 1132 omittere
295 1064 402 1131 solent
422 1065 637 1160 posteriores,
664 1065 761 1129 etiam
787 1087 885 1150 quum
911 1063 1075 1149 epitomen
1096 1062 1236 1145 faciunt,

123 1176 236 1248 locum.
253 1185 285 1242 et
306 1198 430 1241 annum.
446 1175 599 1258 natalem,
626 1167 758 1240 nomina
780 1169 973 1257 Caesarum,
992 1195 1118 1240 nomen
1138 1173 1236 1243 Statii

125 1296 241 1373 poetae
264 1296 297 1353 et
318 1286 450 1352 alterius
473 1285 659 1366 histrionis,
685 1288 776 1367 anni,
804 1306 868 1368 quo
894 1294 1040 1352 mortuus
1069 1285 1113 1352 sit
1134 1285 1236 1352 Juve·
1279 1298 1308 1342 Ἀ

125 1399 229 1481 nelis,
245 1404 499 1485 temporumque⁴
519 1382 651 1460 omnino
679 1396 912 1460 accuratiorem
934 1394 1233 1482 significationem?
1298 1433 1302 1446 .

100 1508 218 1574 'Alias
250 1509 393 1574 rationes
427 1504 621 1589 addiderunt
652 1505 828 1590 nuperrimi
854 1503 1002 1573 Suetonii
1028 1505 1169 1572 editores
1190 1505 1234 1571 A.

122 1615 422 1684 Reifferscheidius.
448 1616 482 1680 in
510 1608 550 1682 O.
574 1613 725 1682 Suetonii
751 1613 932 1697 Tranquilli
963 1623 1092 1700 praeter
1114 1614 1235 1695 Gaesa-

78 1792 80 1795 .
121 1751 199 1794 rum
225 1727 336 1794 libros.
361 1725 523 1812 reliquiis,
557 1725 704 1812 (Lipsiae
733 1725 827 1812 1860)
856 1734 888 1790 et
911 1718 951 1792 O.
972 1725 1012 1791 Ia
1034 1722 1173 1792 Rothius
1199 1728 1235 1791 in
1270 1771 1272 1777 -

123 1840 173 1905 ed.
196 1837 286 1906 Suet.
313 1836 419 1923 praef..
442 1816 590 1923 (Lipsiae
618 1834 725 1923 1862),
758 1844 894 1921 quorum
926 1843 1061 1922 uterque
1088 1836 1171 1903 vidit
1196 1837 1236 1901 li·

123 1949 201 2014 bros
229 1947 397 2031 Suetonii,
416 1948 458 2027 ¹in
484 1947 602 2033 quibus
631 1945 671 2011 de
698 1947 779 2013 viris
806 1946 988 2013 illustribus
1016 1945 1142 2035 ag'eret,
1166 1951 1234 2034 jam

44 2117 46 2120 ,
80 2112 86 2132 ,
121 2067 216 2124 antea
237 2058 405 2126 confectos
427 2057 539 2140 fuisse,
562 2079 658 2142 quam
680 2056 765 2122 diem
786 2057 908 2124 obiisse
930 2057 1093 2143 putandus
1116 2060 1160 2123 sit
1174 2054 1235 2121 Ju-

121 2169 262 2252 venalls,
285 2169 372 2255 quod
398 2168 527 2254 quidem
549 2168 724 2254 plurimum
746 2169 787 2234 ad
810 2165 961 2236 Suetonii
982 2190 1100 2235 nomen
1116 2189 1157 2233 ex
1172 2167 1233 2233 bac

121 2280 188 2345 vita
221 2279 426 2344 eximendum
458 2278 548 2342 valet
576 2277 656 2364 (vid.
678 2275 774 2342 Reiff.
796 2291 919 2363 quaest.
946 2277 1036 2346 Suet.
1062 2301 1095 2364 p.
1117 2278 1180 2342 404
1201 2286 1233 2344 et

121 2387 220 2455 Roth.
243 2388 344 2473 prael.
368 2409 401 2472 p.
421 2400 551 2448 Lxxvn
572 2389 647 2472 sq.).
695 2384 768 2450 Nec
794 2386 896 2450 multo
923 2386 997 2471 plus
1026 2407 1140 2452 caueae
1167 2396 1233 2470 est,

123 2519 179 2578 cur
200 2476 319 2563 nornen
340 2495 442 2562 Probi
464 2497 676 2579 retineamus,
703 2496 793 2581 quod
814 2496 909 2582 hujus
931 2497 1017 2562 vitae
1040 2496 1192 2581 scriptori
1214 2520 1233 2562 a

120 2607 287 2674 nonnullis
310 2606 508 2672 vindicatum
530 2614 590 2671 est.
616 2606 815 2691 ⁴Quominus
842 2607 927 2672 enim
949 2604 989 2670 de
1010 2605 1148 2693 Berytio
1174 2607 1233 2672 illo

120 2714 257 2783 Valerio
284 2717 406 2799 Probe,
442 2740 461 2781 a
487 2715 644 2784 Suetonio
674 2716 714 2782 de
742 2715 852 2783 Gram.
881 2737 908 2782 c.
938 2716 1233 2785 cneommemora-
1346 2720 1348 2728 ’

120 2838 170 2911 to,
192 2827 389 2916 cogitemus,
412 2835 593 2912 temporum
614 2828 757 2893 rationes
780 2828 876 2913 plane
898 2828 1088 2913 prohibent,
1111 2830 1232 2917 quippe

121 2961 219 3025 quem
238 2939 298 3004 sub
320 2937 455 3003 Nerone
477 2939 600 3004 vixisse
627 2939 801 3004 memoriae
823 2938 989 3024 proditum
1011 2941 1053 3005 sit
1074 2939 1130 3026 (ab
1151 2936 1232 3009 Hie·

121 3071 258 3142 ronymo
282 3050 323 3114 ad
344 3048 483 3115 Eusebii
503 3044 627 3114 Ohron.
650 3070 676 3114 s.
702 3071 730 3113 a.
754 3047 869 3113 80911.
892 3070 920 3114 c.
944 3050 983 3113 56
1006 3073 1039 3136 p.
1063 3045 1142 3117 Chr.
1164 3053 1232 3120 vid.

122 3155 163 3227 O.
185 3160 223 3225 F.
244 3157 425 3224 Hermanni
447 3157 530 3244 disp.
554 3160 589 3224 in
609 3181 721 3247 progr.
744 3159 894 3247 Gotting.
907 3160 1042 3246 1848,p.
1056 3159 1112 3248 33)
1135 3171 1231 3250 atque

121 3270 259 3336 forsitan
281 3288 382 3356 usque
411 3270 452 3335 ad
478 3247 626 3355 tempora
646 3269 827 3335 Domitiani
854 3272 953 3336 vitam
974 3272 1169 3358 produxisse
1190 3259 1240 3345 ex,
1267 3308 1272 3315 .

50 3444 56 3458 .
118 3380 219 3447 Mart.
241 3377 310 3461 III,
333 3380 352 3443 2
374 3379 528 3468 colligere
549 3380 645 3445 liceat
666 3382 724 3466 (cf.
745 3378 788 3446 Ο.
809 3381 907 3448 Jahn.
929 3382 1018 3448 Prol.
1033 3384 1067 3448 in
1088 3383 1181 3450 Pers.
1197 3408 1230 3470 p.

121 3505 275 3557 cxxxvn
297 3498 331 3555 et
352 3488 390 3556 T.
414 3486 538 3557 Osann.
568 3491 722 3580 Beitrige
755 3514 812 3556 zur
837 3491 975 3560 Griech.
996 3515 1027 3557 u.
1054 3492 1146 3561 Rom.
1172 3486 1231 3561 Li-

121 3601 356 3689 teraturgesch.
383 3599 643 3688 T.11p.1ca).
693 3603 804 3688 Atque
827 3603 923 3668 alium
951 3601 1097 3671 Probum
1126 3627 1231 3692 gram-

120 3713 272 3777 maticum
290 3712 502 3784 vetustiorem
520 3713 686 3802 cognitum
702 3737 768 3778 non
784 3713 961 3794 habemus,
972 3713 1231 3785 utdccethan-
1303 3722 1308 3749 ¹

120 3845 183 3888 nus
204 3823 226 3886 l.
249 3844 276 3887 c.
298 3845 331 3908 p.
356 3823 416 3885 169
440 3843 498 3908 sq,
515 3822 696 3918 ostendens
713 3823 872 3907 Probum,
895 3844 993 3911 quem
1003 3824 1160 3894 nonnulli.
1174 3829 1240 3892 ali--
1276 3831 1281 3845 '

121 3941 202 4019 quot
228 3931 327 4000 Gellii
348 3934 441 3999 locos
470 3933 517 4021 (I,
547 3922 676 4017 15,'18,
704 3932 766 4018 IV,
784 3937 814 4018 7,
837 3935 893 4020 al.)
925 3935 1037 4001 minus.
1063 3946 1157 4004 recte·
1182 3940 1239 4003 iu·-

121 4042 273 4110 tellectos'
292 4044 395 4109 secuti
416 4041 575 4109 Hadriani
598 4046 795 4129 temporibus
823 4045 945 4112 vixisse
971 4049 1130 4131 putarint,
1153 4071 1230 4112 eun-

122 4150 195 4219 dem
216 4174 290 4220 esse
312 4152 407 4240 atq'ue
428 4153 598 4240 Berytium
624 4154 725 4221 illum.
768 4153 880 4241 Haud,
894 4178 968 4222 raro
995 4158 1124 4245 quidem
1145 4159 1230 4226 inter
1328 4147 1332 4167 ⁸

122 4264 315 4351 posterioris
347 4266 504 4353 temporis
536 4269 761 4356 grammaticos
789 4268 901 4337 Probi
923 4292 1044 4338 nomen
1074 4274 1249 4345 cucumin,
