2722 4658
230 187 272 252 80

187 374 272 460 quae
292 375 328 441 in
349 372 446 440 talem
466 371 659 440 sentemiam
685 392 746 438 nos
773 368 933 441 adducere
958 371 1088 460 possit?
1118 374 1204 443 Nam
1220 373 1305 462 quis

186 509 256 556 non
276 481 366 552 videt
385 482 435 550 ibi
453 482 601 550 licentias
624 481 730 566 aulae,
753 482 782 550 si
802 504 884 569 quae
899 493 979 550 tuno
998 485 1212 568 invaluerant,
1234 493 1307 550 tam

189 595 320 681 oblique
340 601 375 659 et
395 601 480 660 tecte
502 592 679 680 castigatas
701 611 791 674 osse,
812 601 849 657 ut
870 613 911 658 ue
932 592 967 659 id
988 594 1117 679 quidem
1133 616 1196 681 pro
1214 603 1308 661 certo

188 705 301 772 haberi
322 704 435 787 liceat,
456 724 533 769 num
553 700 601 767 sit
621 699 730 768 dedita
751 723 852 788 opera
866 702 998 770 factum.
1032 703 1073 770 In
1087 704 1197 771 medio
1209 705 1311 787 enirn,

189 814 319 902 siquid
338 814 460 901 judico,
481 811 730 898 relinquendum
750 816 817 895 est,
844 831 911 895 quo
938 813 1079 882 oonsilio
1106 813 1227 880 ductus
1249 811 1312 878 Ju-

189 924 314 992 venalis
336 943 452 990 versus
472 920 549 987 illos
570 920 606 985 in
626 918 778 985 Paridem
800 921 1007 1007 conscriptos
1022 924 1207 1009 posteriore
1228 931 1312 990 tem·

189 1057 269 1124 pore
290 1034 326 1099 in
347 1032 518 1118 septimam
539 1031 672 1096 satiram
693 1030 878 1097 inseruerit.
919 1029 1037 1117 Neque
1058 1033 1145 1099 enim
1166 1033 1209 1099 de
1230 1053 1312 1100 con·

190 1146 268 1213 silio
289 1143 467 1228 quidquam
487 1140 608 1208 habent
632 1141 736 1224 vitae,
763 1139 820 1205 ubi
846 1139 881 1207 id
903 1140 1009 1208 solum
1034 1143 1209 1210 memoriae
1232 1166 1312 1230 pro-

190 1255 295 1322 ditum
326 1252 523 1334 invenimus,
556 1247 751 1318 Juvenalem
782 1257 861 1336 post
892 1249 1024 1318 brevem
1055 1252 1146 1318 illam
1174 1253 1311 1320 satiram

190 1372 375 1432 revocatam
396 1364 433 1428 e'o
454 1362 667 1448 suspicionem
687 1361 834 1440 ventsse,
846 1362 942 1447 quaet
956 1373 1102 1448 tenpore
1115 1363 1235 1450 flpora
1256 1384 1313 1429 no-

192 1487 300 1543 tasset.
343 1474 418 1560 Quo
439 1473 522 1539 nihil
543 1471 584 1539 ad
604 1480 707 1540 totam
734 1470 831 1559 hujus
858 1471 977 1548 famosi
1003 1475 1161 1558 septimae
1187 1475 1313 1541 satirae

194 1586 260 1654 loci
281 1585 425 1652 indolem
446 1584 554 1672 aptius
576 1583 640 1650 dici
662 1604 763 1669 posse
784 1582 991 1649 manifestum
1013 1592 1079 1667 est,
1106 1585 1236 1671 quippe
1257 1587 1313 1672 qui

191 1699 238 1764 ita
258 1703 465 1784 comparatus
493 1696 551 1778 sit,
578 1704 616 1760 ut
637 1717 677 1761 ne
699 1693 850 1778 aequales
877 1693 1008 1779 quidem
1036 1692 1204 1780 obliquam
1233 1703 1315 1762 tem·

192 1809 284 1893 poris
311 1806 493 1891 praesentis
520 1803 806 1890 reprehensionem
834 1803 880 1869 ihi
901 1803 1157 1874 animadversum
1178 1805 1315 1888 fuerint,

192 1915 258 1981 nisi
278 1914 358 2002 quid
378 1915 453 2000 ipso
480 1912 546 1978 illo*
563 1920 710 2001 tempore
743 1913 931 1996 accidisset,
958 1914 1046 1998 quod
1072 1913 1114 1980 ad
1139 1913 1245 1982 talem
1265 1916 1316 1981 in·

192 2025 459 2111 terpretatiouem
473 2023 612 2090 invitare
628 2022 804 2089 videretur.
842 2023 941 2107 Quod
956 2045 1055 2110 quum
1070 2024 1117 2091 ita
1133 2024 1192 2108 sit,
1214 2047 1315 2112 quae-

193 2135 335 2204 stionem
356 2158 395 2202 eo
416 2133 575 2220 imprimis
597 2133 802 2200 intendamus
820 2142 966 2220 oportet,
981 2142 1020 2200 ut
1035 2155 1088 2200 res
1104 2135 1188 2217 illae,
1209 2157 1317 2220 quae·

193 2267 269 2312 nam
291 2245 445 2333 qualesve
465 2244 602 2329 fuerint,
621 2244 828 2332 indagentur.
863 2244 915 2309 Ac
935 2253 1044 2312 tamen
1066 2244 1131 2310 alia
1150 2245 1314 2332 quaedam

190 2376 290 2424 cause
311 2354 477 2422 exstitisse
499 2354 639 2422 forsitan
664 2377 732 2421 non
758 2354 867 2440 possit
892 2356 1020 2443 negari,
1047 2376 1131 2441 quae
1157 2353 1239 2420 huic
1265 2356 1314 2421 in-

190 2466 420 2551 terpretationi
440 2473 557 2551 poetae
578 2473 694 2532 nostro
711 2473 776 2530 tam
793 2465 1000 2533 calamitosae
1018 2464 1114 2531 etiam
1135 2466 1244 2554 magis
1266 2467 1313 2531 fa-

192 2576 291 2652 verit3
319 2575 407 2639 haud
434 2574 531 2640 dubie
558 2576 646 2640 enim
677 2576 846 2662 cognitum
872 2575 1036 2642 habebant
1060 2575 1215 2662 aequales
1242 2575 1312 2642 bre·

192 2704 268 2748 vem
289 2681 378 2747 illam
404 2684 537 2747 satiram
569 2684 679 2768 priore
711 2693 857 2771 tempore
884 2686 917 2751 iu
938 2685 1106 2768 Paridem,
1129 2686 1309 2753 Domitiani

191 2792 443 2879 pantomimum,
465 2792 683 2881 conscriptam
710 2814 797 2878 esse,
826 2816 926 2879 quare
953 2818 992 2861 eo
1019 2795 1125 2884 magis
1147 2797 1182 2863 in
1202 2797 1308 2881 suspi-

192 2904 321 2972 cionem
343 2902 476 2970 adducti
497 2912 588 2988 sunt,
610 2904 806 2972 duvenalem
827 2908 897 2992 ejus
925 2904 1199 2994 redintegrandae
1219 2927 1305 2974 occu·

194 3016 320 3082 sionem
348 3016 412 3082 sibi
438 3014 480 3080 de
504 3015 666 3081 industria
697 3018 911 3103 quaesivisse.
958 3016 1056 3102 Quod
1084 3018 1184 3084 etiam
1212 3020 1241 3085 si
1260 3039 1301 3086 re

193 3147 273 3191 vera
293 3126 415 3191 factum
436 3147 509 3192 esse
532 3124 740 3206 concedatur,
762 3128 911 3213 prolecto
934 3150 1000 3193 uon
1022 3127 1182 3212 sequitur,
1203 3136 1240 3193 ut
1258 3149 1299 3194 sa·

193 3235 328 3299 tirenum
350 3236 490 3321 scriptor
512 3258 532 3301 a
552 3233 696 3302 licentiis
723 3235 757 3300 in
785 3235 859 3300 aula
883 3235 1077 3323 jampridem
1104 3237 1296 3317 inveteratis,

194 3343 376 3431 potentiam
407 3347 482 3411 dico
509 3345 722 3432 histrionum,
749 3344 955 3428 libertorum,
983 3347 1218 3433 ejusdemmodi
1249 3347 1296 3412 ho

192 3455 328 3538 minum,
362 3455 467 3521 obiter
494 3455 758 3544 ,perstringendis
786 3456 850 3523 sibi
882 3464 1062 3544 temperare
1089 3458 1250 3540 debuerit,
1273 3454 1293 3520 si

193 3567 247 3633 vel
268 3567 407 3633 maxime
430 3588 558 3652 quoque
579 3566 645 3653 ipsi
667 3565 824 3653 principi,
852 3568 908 3650 qui
932 3589 990 3633 res
1017 3567 1168 3654 publicas
1192 3567 1293 3656 optimo

193 3676 416 3743 moderaretur
437 3683 534 3760 atque
556 3677 770 3764 gubernaret,
793 3676 933 3761 aliquam
955 3677 1083 3745 laudem
1104 3678 1217 3747 deberi
1236 3697 1292 3743 ceu·

194 3785 269 3852 suit.
311 3787 485 3854 Praeterea
512 3809 579 3853 non
606 3787 819 3855 omittendum
846 3796 911 3870 est,
944 3810 1040 3871 quam
1066 3789 1135 3855 sint
1166 3789 1293 3857 modias
1330 3788 1333 3793 ’

192 3892 321 3982 laudes,
344 3920 427 3983 quae
449 3889 585 3964 Caesari
607 3898 804 3977 tribuuntur,
826 3919 923 3982 quam
945 3898 1082 3986 frigidae
1109 3909 1208 3988 etque
1228 3897 1297 3963 adeo

194 4026 263 4070 non
284 4005 326 4069 ad
347 4031 457 4074 veram
479 4006 565 4096 grati
582 4008 681 4073 animi
697 4007 960 4076 testificationem
977 4009 1252 4089 accommodatae,
1269 4005 1311 4066 nt

194 4136 261 4180 non
283 4117 386 4202 magis
409 4117 451 4184 ad
472 4117 709 4206 indulgentiam
730 4117 889 4206 principis
912 4141 992 4206 erga
1020 4119 1199 4204 scriptores
1220 4131 1323 4205 prae·

195 4223 378 4310 dicandam,
399 4249 495 4312 quam
516 4226 557 4295 ad
575 4238 722 4315 tempora
740 4228 811 4313 illa,
833 4229 873 4296 ab
890 4228 1101 4296 humanitatis
1118 4229 1342 4297 litterarum-

137 4352 247 4384 Δ,
