<?xml version="1.0" encoding="UTF-8"?>
<!DOCTYPE html PUBLIC "-//W3C//DTD XHTML 1.0 Transitional//EN"
    "http://www.w3.org/TR/xhtml1/DTD/xhtml1-transitional.dtd">
<html xmlns="http://www.w3.org/1999/xhtml" xml:lang="en" lang="en">
 <head>
  <title>
</title>
<meta http-equiv="Content-Type" content="text/html;charset=utf-8" />
  <meta name='ocr-system' content='tesseract 3.04.00' />
  <meta name='ocr-capabilities' content='ocr_page ocr_carea ocr_par ocr_line ocrx_word'/>
</head>
<body>
  <div class='ocr_page' id='page_1' title='image "./detemporibusvit00synngoog_0023.png"; bbox 0 0 2722 4658; ppageno 0'>
   <div class='ocr_carea' id='block_1_1' title="bbox 211 196 248 258">
    <p class='ocr_par' dir='ltr' id='par_1_1' title="bbox 211 196 248 258">
     <span class='ocr_line' id='line_1_1' title="bbox 211 196 248 258; baseline 0 0"><span class='ocrx_word' id='word_1_1' title='bbox 211 196 248 258; x_wconf 84' lang='lat'><strong>16</strong></span> 
     </span>
    </p>
   </div>
   <div class='ocr_carea' id='block_1_2' title="bbox 72 380 1342 4112">
    <p class='ocr_par' dir='ltr' id='par_1_2' title="bbox 72 380 1342 4112">
     <span class='ocr_line' id='line_1_2' title="bbox 170 380 1294 469; baseline 0.001 -22"><span class='ocrx_word' id='word_1_2' title='bbox 170 384 338 469; x_wconf 90' lang='lat' dir='ltr'><strong>octoginta</strong></span> <span class='ocrx_word' id='word_1_3' title='bbox 366 383 447 446; x_wconf 90' lang='lat' dir='ltr'><strong>duos</strong></span> <span class='ocrx_word' id='word_1_4' title='bbox 476 402 577 444; x_wconf 87' lang='lat' dir='ltr'><strong>anuos</strong></span> <span class='ocrx_word' id='word_1_5' title='bbox 606 381 673 444; x_wconf 87' lang='lat' dir='ltr'><strong>nati</strong></span> <span class='ocrx_word' id='word_1_6' title='bbox 696 380 849 461; x_wconf 87' lang='lat' dir='ltr'><strong>inveniri,</strong></span> <span class='ocrx_word' id='word_1_7' title='bbox 877 383 962 446; x_wconf 82' lang='lat' dir='ltr'><strong>unde</strong></span> <span class='ocrx_word' id='word_1_8' title='bbox 990 404 1192 448; x_wconf 89' lang='lat' dir='ltr'><strong>communem</strong></span> <span class='ocrx_word' id='word_1_9' title='bbox 1215 385 1294 449; x_wconf 90' lang='lat' dir='ltr'><strong>fon-</strong></span> 
     </span>
     <span class='ocr_line' id='line_1_3' title="bbox 169 485 1296 579; baseline -0.001 -21"><span class='ocrx_word' id='word_1_10' title='bbox 169 506 235 560; x_wconf 91' lang='lat' dir='ltr'><strong>tem</strong></span> <span class='ocrx_word' id='word_1_11' title='bbox 258 493 371 556; x_wconf 87' lang='lat' dir='ltr'><strong>harum</strong></span> <span class='ocrx_word' id='word_1_12' title='bbox 393 514 499 556; x_wconf 90' lang='lat' dir='ltr'><strong>rerum</strong></span> <span class='ocrx_word' id='word_1_13' title='bbox 522 492 745 577; x_wconf 83' lang='lat' dir='ltr'>cognitionem</span> <span class='ocrx_word' id='word_1_14' title='bbox 768 493 921 575; x_wconf 83' lang='lat' dir='ltr'><strong>scriptori</strong></span> <span class='ocrx_word' id='word_1_15' title='bbox 940 492 1025 556; x_wconf 88' lang='lat' dir='ltr'><strong>vitae</strong></span> <span class='ocrx_word' id='word_1_16' title='bbox 1047 485 1101 556; x_wconf 81' lang='grc' dir='ltr'><strong>ΠΙ</strong></span> <span class='ocrx_word' id='word_1_17' title='bbox 1123 516 1187 558; x_wconf 92' lang='lat' dir='ltr'><strong>non</strong></span> <span class='ocrx_word' id='word_1_18' title='bbox 1212 517 1296 579; x_wconf 90' lang='lat' dir='ltr'><strong>sup-</strong></span> 
     </span>
     <span class='ocr_line' id='line_1_4' title="bbox 168 601 1296 690; baseline -0.001 -20"><span class='ocrx_word' id='word_1_19' title='bbox 168 605 333 690; x_wconf 86' lang='lat' dir='ltr'><strong>peditasse</strong></span> <span class='ocrx_word' id='word_1_20' title='bbox 356 614 499 690; x_wconf 87' lang='lat' dir='ltr'><strong>apparet.</strong></span> <span class='ocrx_word' id='word_1_21' title='bbox 544 601 610 670; x_wconf 83' lang='lat' dir='ltr'><strong>Sed</strong></span> <span class='ocrx_word' id='word_1_22' title='bbox 632 601 717 667; x_wconf 89' lang='lat' dir='ltr'><strong>idem</strong></span> <span class='ocrx_word' id='word_1_23' title='bbox 745 601 912 688; x_wconf 89' lang='lat' dir='ltr'><strong>cognitum</strong></span> <span class='ocrx_word' id='word_1_24' title='bbox 939 605 1160 670; x_wconf 81' lang='lat' dir='ltr'><strong>habuitritae</strong></span> <span class='ocrx_word' id='word_1_25' title='bbox 1183 604 1217 668; x_wconf 95' lang='lat' dir='ltr'><strong>II</strong></span> <span class='ocrx_word' id='word_1_26' title='bbox 1242 608 1296 669; x_wconf 90' lang='lat' dir='ltr'><strong>in·</strong></span> 
     </span>
     <span class='ocr_line' id='line_1_5' title="bbox 169 711 1297 800; baseline 0.003 -22"><span class='ocrx_word' id='word_1_27' title='bbox 169 715 356 800; x_wconf 86' lang='lat' dir='ltr'><strong>terpolat0r‚</strong></span> <span class='ocrx_word' id='word_1_28' title='bbox 379 715 435 800; x_wconf 92' lang='lat' dir='ltr'><strong>qui</strong></span> <span class='ocrx_word' id='word_1_29' title='bbox 458 714 480 780; x_wconf 83' lang='lat' dir='ltr'>J</span> <span class='ocrx_word' id='word_1_30' title='bbox 483 712 652 778; x_wconf 85' lang='lat' dir='ltr'><strong>uvenalem</strong></span> <span class='ocrx_word' id='word_1_31' title='bbox 668 711 804 779; x_wconf 80' lang='lat' dir='ltr'><strong>Romam</strong></span> <span class='ocrx_word' id='word_1_32' title='bbox 821 715 996 779; x_wconf 81' lang='lat' dir='ltr'>revertisse</span> <span class='ocrx_word' id='word_1_33' title='bbox 1013 717 1195 800; x_wconf 78' lang='lat' dir='ltr'><strong>perspicuis</strong></span> <span class='ocrx_word' id='word_1_34' title='bbox 1216 739 1297 781; x_wconf 86' lang='lat' dir='ltr'><strong>ver-</strong></span> 
     </span>
     <span class='ocr_line' id='line_1_6' title="bbox 170 822 1295 909; baseline 0.001 -19"><span class='ocrx_word' id='word_1_35' title='bbox 170 826 220 891; x_wconf 85' lang='lat' dir='ltr'><strong>bis</strong></span> <span class='ocrx_word' id='word_1_36' title='bbox 243 822 408 908; x_wconf 65' lang='lat' dir='ltr'><strong>euuntiatJ</strong></span> <span class='ocrx_word' id='word_1_37' title='bbox 429 846 488 888; x_wconf 89' lang='lat' dir='ltr'><strong>nec</strong></span> <span class='ocrx_word' id='word_1_38' title='bbox 509 833 632 903; x_wconf 87' lang='lat' dir='ltr'><strong>tamen,</strong></span> <span class='ocrx_word' id='word_1_39' title='bbox 655 824 763 903; x_wconf 88' lang='lat' dir='ltr'><strong>credo,</strong></span> <span class='ocrx_word' id='word_1_40' title='bbox 786 847 803 886; x_wconf 92' lang='lat' dir='ltr'><strong>e</strong></span> <span class='ocrx_word' id='word_1_41' title='bbox 826 824 894 887; x_wconf 87' lang='lat' dir='ltr'><strong>vite</strong></span> <span class='ocrx_word' id='word_1_42' title='bbox 915 822 969 885; x_wconf 85' lang='grc' dir='ltr'><strong>ΙΙΙ</strong></span> <span class='ocrx_word' id='word_1_43' title='bbox 991 827 1172 909; x_wconf 89' lang='lat' dir='ltr'><strong>repetitum.</strong></span> <span class='ocrx_word' id='word_1_44' title='bbox 1201 823 1295 891; x_wconf 87' lang='lat' dir='ltr'><strong>Nam</strong></span> 
     </span>
     <span class='ocr_line' id='line_1_7' title="bbox 144 923 1295 1022; baseline -0.002 -19"><span class='ocrx_word' id='word_1_45' title='bbox 144 972 146 974; x_wconf 90' lang='lat'>·</span> <span class='ocrx_word' id='word_1_46' title='bbox 170 936 198 1003; x_wconf 89' lang='lat' dir='ltr'><strong>si</strong></span> <span class='ocrx_word' id='word_1_47' title='bbox 220 936 315 1022; x_wconf 91' lang='lat' dir='ltr'><strong>hujus</strong></span> <span class='ocrx_word' id='word_1_48' title='bbox 338 934 560 1000; x_wconf 90' lang='lat' dir='ltr'><strong>testimonium</strong></span> <span class='ocrx_word' id='word_1_49' title='bbox 589 933 627 998; x_wconf 90' lang='lat' dir='ltr'><strong>de</strong></span> <span class='ocrx_word' id='word_1_50' title='bbox 658 923 777 998; x_wconf 90' lang='lat' dir='ltr'><strong>reditu</strong></span> <span class='ocrx_word' id='word_1_51' title='bbox 792 943 908 1018; x_wconf 83' lang='lat' dir='ltr'><strong>poetae</strong></span> <span class='ocrx_word' id='word_1_52' title='bbox 937 945 1067 1002; x_wconf 90' lang='lat' dir='ltr'><strong>secutus</strong></span> <span class='ocrx_word' id='word_1_53' title='bbox 1094 945 1197 1018; x_wconf 86' lang='lat' dir='ltr'><strong>esset,</strong></span> <span class='ocrx_word' id='word_1_54' title='bbox 1221 957 1295 1017; x_wconf 91' lang='lat' dir='ltr'><strong>cur,</strong></span> 
     </span>
     <span class='ocr_line' id='line_1_8' title="bbox 167 1044 1298 1135; baseline -0.002 -23"><span class='ocrx_word' id='word_1_55' title='bbox 167 1069 301 1135; x_wconf 83' lang='lat' dir='ltr'><strong>quaeso,</strong></span> <span class='ocrx_word' id='word_1_56' title='bbox 325 1045 354 1110; x_wconf 89' lang='lat' dir='ltr'><strong>ei</strong></span> <span class='ocrx_word' id='word_1_57' title='bbox 382 1044 553 1109; x_wconf 89' lang='lat' dir='ltr'><strong>ridiculum</strong></span> <span class='ocrx_word' id='word_1_58' title='bbox 583 1067 676 1109; x_wconf 90' lang='lat' dir='ltr'><strong>suum</strong></span> <span class='ocrx_word' id='word_1_59' title='bbox 704 1053 920 1108; x_wconf 90' lang='lat' dir='ltr'><strong>commentum</strong></span> <span class='ocrx_word' id='word_1_60' title='bbox 949 1044 988 1109; x_wconf 89' lang='lat' dir='ltr'><strong>de</strong></span> <span class='ocrx_word' id='word_1_61' title='bbox 1016 1057 1118 1110; x_wconf 90' lang='lat' dir='ltr'><strong>morte</strong></span> <span class='ocrx_word' id='word_1_62' title='bbox 1143 1045 1298 1114; x_wconf 78' lang='lat' dir='ltr'><strong>,Juvena-</strong></span> 
     </span>
     <span class='ocr_line' id='line_1_9' title="bbox 168 1147 1298 1242; baseline -0.004 -18"><span class='ocrx_word' id='word_1_63' title='bbox 168 1159 225 1240; x_wconf 86' lang='lat' dir='ltr'><strong>lis,</strong></span> <span class='ocrx_word' id='word_1_64' title='bbox 248 1156 358 1222; x_wconf 86' lang='lat' dir='ltr'><strong>fabula</strong></span> <span class='ocrx_word' id='word_1_65' title='bbox 379 1156 436 1220; x_wconf 87' lang='lat' dir='ltr'><strong>illa</strong></span> <span class='ocrx_word' id='word_1_66' title='bbox 458 1155 498 1219; x_wconf 89' lang='lat' dir='ltr'><strong>de</strong></span> <span class='ocrx_word' id='word_1_67' title='bbox 519 1147 673 1219; x_wconf 84' lang='lat' dir='ltr'><strong>Martiale</strong></span> <span class='ocrx_word' id='word_1_68' title='bbox 692 1153 877 1238; x_wconf 86' lang='lat' dir='ltr'><strong>repudiata,</strong></span> <span class='ocrx_word' id='word_1_69' title='bbox 897 1156 1083 1242; x_wconf 81' lang='lat' dir='ltr'><strong>excogitare</strong></span> <span class='ocrx_word' id='word_1_70' title='bbox 1102 1168 1185 1239; x_wconf 89' lang='lat' dir='ltr'><strong>opus</strong></span> <span class='ocrx_word' id='word_1_71' title='bbox 1208 1157 1298 1222; x_wconf 85' lang='lat' dir='ltr'><strong>fuit?</strong></span> 
     </span>
     <span class='ocr_line' id='line_1_10' title="bbox 171 1260 1297 1362; baseline 0 -30"><span class='ocrx_word' id='word_1_72' title='bbox 171 1260 299 1332; x_wconf 79' lang='lat' dir='ltr'>Contra</span> <span class='ocrx_word' id='word_1_73' title='bbox 320 1265 415 1362; x_wconf 67' lang='lat' dir='ltr'><strong>vaide</strong></span> <span class='ocrx_word' id='word_1_74' title='bbox 438 1265 571 1330; x_wconf 89' lang='lat' dir='ltr'><strong>dubium</strong></span> <span class='ocrx_word' id='word_1_75' title='bbox 593 1266 732 1348; x_wconf 83' lang='lat' dir='ltr'><strong>videtur,</strong></span> <span class='ocrx_word' id='word_1_76' title='bbox 760 1288 837 1330; x_wconf 91' lang='lat' dir='ltr'><strong>num</strong></span> <span class='ocrx_word' id='word_1_77' title='bbox 860 1265 994 1332; x_wconf 86' lang='lat' dir='ltr'><strong>alteram</strong></span> <span class='ocrx_word' id='word_1_78' title='bbox 1016 1266 1106 1330; x_wconf 86' lang='lat' dir='ltr'><strong>illem</strong></span> <span class='ocrx_word' id='word_1_79' title='bbox 1128 1288 1211 1347; x_wconf 85' lang='lat' dir='ltr'><strong>rem,</strong></span> <span class='ocrx_word' id='word_1_80' title='bbox 1237 1289 1297 1332; x_wconf 92' lang='lat' dir='ltr'><strong>cu-</strong></span> 
     </span>
     <span class='ocr_line' id='line_1_11' title="bbox 168 1365 1325 1461; baseline 0.003 -21"><span class='ocrx_word' id='word_1_81' title='bbox 168 1380 226 1461; x_wconf 49' lang='lat' dir='ltr'><strong>jus¹</strong></span> <span class='ocrx_word' id='word_1_82' title='bbox 248 1378 464 1442; x_wconf 88' lang='lat' dir='ltr'><strong>certissimum</strong></span> <span class='ocrx_word' id='word_1_83' title='bbox 488 1376 646 1440; x_wconf 77' lang='lat' dir='ltr'><strong>&#39;indicium</strong></span> <span class='ocrx_word' id='word_1_84' title='bbox 675 1376 773 1441; x_wconf 86' lang='lat' dir='ltr'><strong>hebet</strong></span> <span class='ocrx_word' id='word_1_85' title='bbox 798 1378 867 1440; x_wconf 88' lang='lat' dir='ltr'><strong>vita</strong></span> <span class='ocrx_word' id='word_1_86' title='bbox 888 1374 956 1457; x_wconf 88' lang='lat' dir='ltr'><strong>IH,</strong></span> <span class='ocrx_word' id='word_1_87' title='bbox 986 1365 1186 1442; x_wconf 62' lang='lat' dir='ltr'><strong>«iuvenalem</strong></span> <span class='ocrx_word' id='word_1_88' title='bbox 1202 1400 1325 1443; x_wconf 75' lang='lat' dir='ltr'><strong>anno‘</strong></span> 
     </span>
     <span class='ocr_line' id='line_1_12' title="bbox 171 1487 1296 1575; baseline -0.003 -21"><span class='ocrx_word' id='word_1_89' title='bbox 171 1490 288 1554; x_wconf 86' lang='lat' dir='ltr'><strong>aetatis</strong></span> <span class='ocrx_word' id='word_1_90' title='bbox 318 1510 393 1553; x_wconf 85' lang='lat' dir='ltr'><strong>suae</strong></span> <span class='ocrx_word' id='word_1_91' title='bbox 422 1487 532 1562; x_wconf 86' lang='lat' dir='ltr'><strong>altero.</strong></span> <span class='ocrx_word' id='word_1_92' title='bbox 552 1498 585 1551; x_wconf 91' lang='lat' dir='ltr'><strong>et</strong></span> <span class='ocrx_word' id='word_1_93' title='bbox 613 1487 814 1575; x_wconf 88' lang='lat' dir='ltr'><strong>octogesimo</strong></span> <span class='ocrx_word' id='word_1_94' title='bbox 837 1497 999 1552; x_wconf 92' lang='lat' dir='ltr'><strong>mortuum</strong></span> <span class='ocrx_word' id='word_1_95' title='bbox 1022 1511 1110 1569; x_wconf 88' lang='lat' dir='ltr'><strong>esse,</strong></span> <span class='ocrx_word' id='word_1_96' title='bbox 1133 1487 1296 1554; x_wconf 77' lang='lat' dir='ltr'><strong>rescierit.</strong></span> 
     </span>
     <span class='ocr_line' id='line_1_13' title="bbox 171 1593 1340 1683; baseline 0 -19"><span class='ocrx_word' id='word_1_97' title='bbox 171 1597 265 1664; x_wconf 86' lang='lat' dir='ltr'><strong>Nihil</strong></span> <span class='ocrx_word' id='word_1_98' title='bbox 288 1599 374 1663; x_wconf 78' lang='lat' dir='ltr'><strong>en‘im</strong></span> <span class='ocrx_word' id='word_1_99' title='bbox 396 1598 454 1662; x_wconf 87' lang='lat' dir='ltr'><strong>tali</strong></span> <span class='ocrx_word' id='word_1_100' title='bbox 476 1597 615 1681; x_wconf 87' lang='lat' dir='ltr'><strong>homiui,</strong></span> <span class='ocrx_word' id='word_1_101' title='bbox 642 1599 815 1683; x_wconf 90' lang='lat' dir='ltr'><strong>quominus</strong></span> <span class='ocrx_word' id='word_1_102' title='bbox 845 1597 929 1662; x_wconf 88' lang='lat' dir='ltr'><strong>hanc</strong></span> <span class='ocrx_word' id='word_1_103' title='bbox 957 1619 1087 1683; x_wconf 91' lang='lat' dir='ltr'><strong>quoque</strong></span> <span class='ocrx_word' id='word_1_104' title='bbox 1114 1620 1181 1662; x_wconf 87' lang='lat' dir='ltr'><strong>rem</strong></span> <span class='ocrx_word' id='word_1_105' title='bbox 1204 1619 1296 1664; x_wconf 89' lang='lat' dir='ltr'><strong>com·</strong></span> <span class='ocrx_word' id='word_1_106' title='bbox 1333 1593 1340 1601; x_wconf 83' lang='grc'>’</span> 
     </span>
     <span class='ocr_line' id='line_1_14' title="bbox 171 1707 1292 1802; baseline -0.001 -27"><span class='ocrx_word' id='word_1_107' title='bbox 171 1718 380 1788; x_wconf 83' lang='lat' dir='ltr'><strong>memoraret,</strong></span> <span class='ocrx_word' id='word_1_108' title='bbox 419 1707 632 1773; x_wconf 88' lang='lat' dir='ltr'><strong>dubitationis</strong></span> <span class='ocrx_word' id='word_1_109' title='bbox 665 1708 700 1772; x_wconf 92' lang='lat' dir='ltr'><strong>id</strong></span> <span class='ocrx_word' id='word_1_110' title='bbox 733 1708 852 1802; x_wconf 72' lang='lat' dir='ltr'><strong>afferre</strong></span> <span class='ocrx_word' id='word_1_111' title='bbox 893 1710 1015 1794; x_wconf 89' lang='lat' dir='ltr'><strong>potuit,</strong></span> <span class='ocrx_word' id='word_1_112' title='bbox 1054 1708 1142 1794; x_wconf 87' lang='lat' dir='ltr'><strong>quod</strong></span> <span class='ocrx_word' id='word_1_113' title='bbox 1173 1717 1292 1791; x_wconf 87' lang='lat' dir='ltr'><strong>poetae</strong></span> 
     </span>
     <span class='ocr_line' id='line_1_15' title="bbox 172 1817 1293 1905; baseline -0.003 -20"><span class='ocrx_word' id='word_1_114' title='bbox 172 1819 373 1905; x_wconf 77' lang='lat' dir='ltr'><strong>octogenarii</strong></span> <span class='ocrx_word' id='word_1_115' title='bbox 403 1818 481 1883; x_wconf 89' lang='lat' dir='ltr'><strong>urbe</strong></span> <span class='ocrx_word' id='word_1_116' title='bbox 510 1817 664 1882; x_wconf 90' lang='lat' dir='ltr'><strong>summoti</strong></span> <span class='ocrx_word' id='word_1_117' title='bbox 691 1818 887 1885; x_wconf 86' lang='lat' dir='ltr'><strong>mentionem</strong></span> <span class='ocrx_word' id='word_1_118' title='bbox 919 1819 1028 1902; x_wconf 89' lang='lat' dir='ltr'><strong>paullo</strong></span> <span class='ocrx_word' id='word_1_119' title='bbox 1056 1828 1131 1884; x_wconf 87' lang='lat' dir='ltr'><strong>ente</strong></span> <span class='ocrx_word' id='word_1_120' title='bbox 1159 1817 1293 1884; x_wconf 84' lang='lat' dir='ltr'><strong>fecerat.</strong></span> 
     </span>
     <span class='ocr_line' id='line_1_16' title="bbox 129 1928 1315 2014; baseline -0.003 -18"><span class='ocrx_word' id='word_1_121' title='bbox 129 1976 139 1996; x_wconf 75' lang='grc'><strong><em>,</em></strong></span> <span class='ocrx_word' id='word_1_122' title='bbox 171 1928 248 1995; x_wconf 88' lang='lat' dir='ltr'><strong>Nisi</strong></span> <span class='ocrx_word' id='word_1_123' title='bbox 270 1930 354 1994; x_wconf 88' lang='lat' dir='ltr'><strong>forte</strong></span> <span class='ocrx_word' id='word_1_124' title='bbox 377 1930 450 2013; x_wconf 90' lang='lat' dir='ltr'><strong>quis</strong></span> <span class='ocrx_word' id='word_1_125' title='bbox 480 1932 638 1992; x_wconf 88' lang='lat' dir='ltr'><strong>summum</strong></span> <span class='ocrx_word' id='word_1_126' title='bbox 666 1936 860 2014; x_wconf 81' lang='lat' dir='ltr'><strong>nugatorem</strong></span> <span class='ocrx_word' id='word_1_127' title='bbox 889 1928 989 1994; x_wconf 91' lang='lat' dir='ltr'><strong>semel</strong></span> <span class='ocrx_word' id='word_1_128' title='bbox 1016 1929 1182 1993; x_wconf 76' lang='lat' dir='ltr'><strong>dumtaxat</strong></span> <span class='ocrx_word' id='word_1_129' title='bbox 1211 1952 1315 1996; x_wconf 86' lang='lat' dir='ltr'><strong>sano.</strong></span> 
     </span>
     <span class='ocr_line' id='line_1_17' title="bbox 169 2037 1298 2127; baseline 0.001 -22"><span class='ocrx_word' id='word_1_130' title='bbox 169 2040 294 2127; x_wconf 89' lang='lat' dir='ltr'><strong>jndicio</strong></span> <span class='ocrx_word' id='word_1_131' title='bbox 318 2040 451 2103; x_wconf 90' lang='lat' dir='ltr'><strong>ductum</strong></span> <span class='ocrx_word' id='word_1_132' title='bbox 472 2037 574 2103; x_wconf 88' lang='lat' dir='ltr'><strong>fuisse</strong></span> <span class='ocrx_word' id='word_1_133' title='bbox 597 2037 728 2102; x_wconf 87' lang='lat' dir='ltr'><strong>credere</strong></span> <span class='ocrx_word' id='word_1_134' title='bbox 752 2038 838 2122; x_wconf 83' lang='lat' dir='ltr'><strong>vult,</strong></span> <span class='ocrx_word' id='word_1_135' title='bbox 863 2046 900 2101; x_wconf 90' lang='lat' dir='ltr'><strong>ut</strong></span> <span class='ocrx_word' id='word_1_136' title='bbox 925 2037 1008 2107; x_wconf 82' lang='lat' dir='ltr'><strong>hanc</strong></span> <span class='ocrx_word' id='word_1_137' title='bbox 1030 2040 1145 2104; x_wconf 86' lang='lat' dir='ltr'><strong>eetetis</strong></span> <span class='ocrx_word' id='word_1_138' title='bbox 1168 2040 1298 2126; x_wconf 84' lang='lat' dir='ltr'><strong>signifi·</strong></span> 
     </span>
     <span class='ocr_line' id='line_1_18' title="bbox 72 2131 1299 2232; baseline 0.002 -17"><span class='ocrx_word' id='word_1_139' title='bbox 72 2186 76 2194; x_wconf 74' lang='lat'>=</span> <span class='ocrx_word' id='word_1_140' title='bbox 173 2151 334 2216; x_wconf 80' lang='lat' dir='ltr'><strong>sationem</strong></span> <span class='ocrx_word' id='word_1_141' title='bbox 356 2148 506 2214; x_wconf 88' lang='lat' dir='ltr'><strong>consulto</strong></span> <span class='ocrx_word' id='word_1_142' title='bbox 531 2148 694 2229; x_wconf 89' lang='lat' dir='ltr'><strong>omiserit,</strong></span> <span class='ocrx_word' id='word_1_143' title='bbox 714 2131 1050 2232; x_wconf 13' lang='lat' dir='ltr'><strong>*quumviuvenalem</strong></span> <span class='ocrx_word' id='word_1_144' title='bbox 1080 2170 1175 2232; x_wconf 91' lang='lat' dir='ltr'><strong>quem</strong></span> <span class='ocrx_word' id='word_1_145' title='bbox 1203 2161 1299 2218; x_wconf 90' lang='lat' dir='ltr'><strong>octo-</strong></span> 
     </span>
     <span class='ocr_line' id='line_1_19' title="bbox 173 2258 1299 2348; baseline 0.004 -22"><span class='ocrx_word' id='word_1_146' title='bbox 173 2261 341 2348; x_wconf 87' lang='lat' dir='ltr'><strong>genarium</strong></span> <span class='ocrx_word' id='word_1_147' title='bbox 368 2258 448 2324; x_wconf 90' lang='lat' dir='ltr'><strong>urbe</strong></span> <span class='ocrx_word' id='word_1_148' title='bbox 476 2259 649 2344; x_wconf 87' lang='lat' dir='ltr'><strong>expulsum</strong></span> <span class='ocrx_word' id='word_1_149' title='bbox 683 2268 779 2344; x_wconf 86' lang='lat' dir='ltr'><strong>atque</strong></span> <span class='ocrx_word' id='word_1_150' title='bbox 812 2259 929 2325; x_wconf 91' lang='lat' dir='ltr'><strong>deiude</strong></span> <span class='ocrx_word' id='word_1_151' title='bbox 958 2258 1093 2326; x_wconf 85' lang='lat' dir='ltr'><strong>Romam</strong></span> <span class='ocrx_word' id='word_1_152' title='bbox 1125 2283 1299 2330; x_wconf 86' lang='lat' dir='ltr'><strong>reversum</strong></span> 
     </span>
     <span class='ocr_line' id='line_1_20' title="bbox 174 2366 1300 2455; baseline 0.002 -18"><span class='ocrx_word' id='word_1_153' title='bbox 174 2373 216 2439; x_wconf 86' lang='lat' dir='ltr'><strong>ad</strong></span> <span class='ocrx_word' id='word_1_154' title='bbox 237 2370 367 2436; x_wconf 84' lang='lat' dir='ltr'><strong>Nervae</strong></span> <span class='ocrx_word' id='word_1_155' title='bbox 395 2380 428 2434; x_wconf 93' lang='lat' dir='ltr'><strong>et</strong></span> <span class='ocrx_word' id='word_1_156' title='bbox 450 2366 581 2454; x_wconf 81' lang='lat' dir='ltr'><strong>Trajani</strong></span> <span class='ocrx_word' id='word_1_157' title='bbox 610 2369 829 2455; x_wconf 85' lang='lat' dir='ltr'><strong>principatum</strong></span> <span class='ocrx_word' id='word_1_158' title='bbox 858 2370 1079 2455; x_wconf 88' lang='lat' dir='ltr'><strong>supervixisse</strong></span> <span class='ocrx_word' id='word_1_159' title='bbox 1108 2372 1300 2449; x_wconf 85' lang='lat' dir='ltr'><strong>statuisset,</strong></span> 
     </span>
     <span class='ocr_line' id='line_1_21' title="bbox 173 2479 1302 2568; baseline 0.002 -21"><span class='ocrx_word' id='word_1_160' title='bbox 173 2481 358 2547; x_wconf 88' lang='lat' dir='ltr'><strong>necessario</strong></span> <span class='ocrx_word' id='word_1_161' title='bbox 392 2480 479 2566; x_wconf 93' lang='lat' dir='ltr'><strong>plus</strong></span> <span class='ocrx_word' id='word_1_162' title='bbox 500 2480 584 2558; x_wconf 87' lang='lat' dir='ltr'><strong>duos</strong></span> <span class='ocrx_word' id='word_1_163' title='bbox 614 2501 728 2560; x_wconf 84' lang='lat' dir='ltr'><strong>annos,</strong></span> <span class='ocrx_word' id='word_1_164' title='bbox 756 2489 932 2563; x_wconf 89' lang='lat' dir='ltr'><strong>postquam</strong></span> <span class='ocrx_word' id='word_1_165' title='bbox 959 2481 1034 2544; x_wconf 90' lang='lat' dir='ltr'><strong>exul</strong></span> <span class='ocrx_word' id='word_1_166' title='bbox 1059 2479 1165 2546; x_wconf 85' lang='lat' dir='ltr'><strong>factus</strong></span> <span class='ocrx_word' id='word_1_167' title='bbox 1193 2495 1302 2568; x_wconf 89' lang='lat' dir='ltr'><strong>esset,</strong></span> 
     </span>
     <span class='ocr_line' id='line_1_22' title="bbox 173 2576 1303 2675; baseline 0.004 -19"><span class='ocrx_word' id='word_1_168' title='bbox 173 2593 274 2656; x_wconf 85' lang='lat' dir='ltr'><strong>vitam</strong></span> <span class='ocrx_word' id='word_1_169' title='bbox 295 2588 491 2675; x_wconf 90' lang='lat' dir='ltr'><strong>produxisse</strong></span> <span class='ocrx_word' id='word_1_170' title='bbox 513 2576 721 2675; x_wconf 86' lang='lat' dir='ltr'><strong>intelligeret.</strong></span> <span class='ocrx_word' id='word_1_171' title='bbox 767 2586 803 2654; x_wconf 87' lang='lat' dir='ltr'><strong>Si</strong></span> <span class='ocrx_word' id='word_1_172' title='bbox 824 2604 903 2654; x_wconf 86' lang='lat' dir='ltr'><strong>vero</strong></span> <span class='ocrx_word' id='word_1_173' title='bbox 932 2588 994 2653; x_wconf 82' lang='lat' dir='ltr'><strong>troo</strong></span> <span class='ocrx_word' id='word_1_174' title='bbox 1020 2589 1074 2653; x_wconf 86' lang='lat' dir='ltr'><strong>vel</strong></span> <span class='ocrx_word' id='word_1_175' title='bbox 1101 2590 1219 2656; x_wconf 90' lang='lat' dir='ltr'><strong>leviter</strong></span> <span class='ocrx_word' id='word_1_176' title='bbox 1247 2616 1303 2660; x_wconf 91' lang='lat' dir='ltr'><strong>se·</strong></span> 
     </span>
     <span class='ocr_line' id='line_1_23' title="bbox 174 2693 1301 2788; baseline 0.004 -23"><span class='ocrx_word' id='word_1_177' title='bbox 174 2693 248 2765; x_wconf 85' lang='lat' dir='ltr'><strong>cum</strong></span> <span class='ocrx_word' id='word_1_178' title='bbox 269 2708 467 2784; x_wconf 86' lang='lat' dir='ltr'><strong>reputasset,</strong></span> <span class='ocrx_word' id='word_1_179' title='bbox 485 2707 598 2766; x_wconf 91' lang='lat' dir='ltr'><strong>totam</strong></span> <span class='ocrx_word' id='word_1_180' title='bbox 625 2700 731 2783; x_wconf 84' lang='lat' dir='ltr'><strong>ipsam</strong></span> <span class='ocrx_word' id='word_1_181' title='bbox 761 2699 904 2764; x_wconf 85' lang='lat' dir='ltr'><strong>fabulam</strong></span> <span class='ocrx_word' id='word_1_182' title='bbox 931 2698 971 2765; x_wconf 89' lang='lat' dir='ltr'><strong>de</strong></span> <span class='ocrx_word' id='word_1_183' title='bbox 999 2709 1096 2784; x_wconf 86' lang='lat' dir='ltr'><strong>poeta</strong></span> <span class='ocrx_word' id='word_1_184' title='bbox 1119 2709 1301 2788; x_wconf 82' lang='lat' dir='ltr'><strong>octogena·</strong></span> 
     </span>
     <span class='ocr_line' id='line_1_24' title="bbox 175 2807 1301 2900; baseline 0.001 -24"><span class='ocrx_word' id='word_1_185' title='bbox 175 2812 226 2877; x_wconf 91' lang='lat' dir='ltr'><strong>ric</strong></span> <span class='ocrx_word' id='word_1_186' title='bbox 249 2807 438 2876; x_wconf 85' lang='lat' dir='ltr'><strong>inexilium</strong></span> <span class='ocrx_word' id='word_1_187' title='bbox 461 2810 561 2874; x_wconf 89' lang='lat' dir='ltr'><strong>misso</strong></span> <span class='ocrx_word' id='word_1_188' title='bbox 584 2809 824 2894; x_wconf 87' lang='lat' dir='ltr'><strong>reprimendam</strong></span> <span class='ocrx_word' id='word_1_189' title='bbox 842 2831 915 2874; x_wconf 90' lang='lat' dir='ltr'><strong>esse</strong></span> <span class='ocrx_word' id='word_1_190' title='bbox 932 2809 1079 2877; x_wconf 84' lang='lat' dir='ltr'><strong>vidisset.</strong></span> <span class='ocrx_word' id='word_1_191' title='bbox 1123 2810 1301 2900; x_wconf 83' lang='lat' dir='ltr'><strong>Quaprop-</strong></span> 
     </span>
     <span class='ocr_line' id='line_1_25' title="bbox 174 2917 1300 3009; baseline 0.001 -22"><span class='ocrx_word' id='word_1_192' title='bbox 174 2931 224 2987; x_wconf 88' lang='lat' dir='ltr'><strong>ter</strong></span> <span class='ocrx_word' id='word_1_193' title='bbox 247 2922 440 3007; x_wconf 85' lang='lat' dir='ltr'><strong>scriptorem</strong></span> <span class='ocrx_word' id='word_1_194' title='bbox 462 2921 547 2985; x_wconf 86' lang='lat' dir='ltr'><strong>vitae</strong></span> <span class='ocrx_word' id='word_1_195' title='bbox 570 2917 612 2988; x_wconf 89' lang='grc' dir='ltr'><strong>Π,</strong></span> <span class='ocrx_word' id='word_1_196' title='bbox 627 2941 698 2983; x_wconf 90' lang='lat' dir='ltr'><strong>eam</strong></span> <span class='ocrx_word' id='word_1_197' title='bbox 716 2921 858 3001; x_wconf 78' lang='lat' dir='ltr'><strong>¹formum</strong></span> <span class='ocrx_word' id='word_1_198' title='bbox 875 2921 960 2985; x_wconf 85' lang='lat' dir='ltr'><strong>vitae</strong></span> <span class='ocrx_word' id='word_1_199' title='bbox 978 2918 1047 3002; x_wconf 86' lang='lat' dir='ltr'>III,</span> <span class='ocrx_word' id='word_1_200' title='bbox 1071 2941 1152 3003; x_wconf 86' lang='lat' dir='ltr'><strong>quae</strong></span> <span class='ocrx_word' id='word_1_201' title='bbox 1174 2920 1300 3009; x_wconf 83' lang='lat' dir='ltr'><strong>legitur</strong></span> 
     </span>
     <span class='ocr_line' id='line_1_26' title="bbox 175 3027 1300 3119; baseline 0 -21"><span class='ocrx_word' id='word_1_202' title='bbox 175 3056 226 3119; x_wconf 82' lang='lat' dir='ltr'><strong>ap.</strong></span> <span class='ocrx_word' id='word_1_203' title='bbox 251 3027 371 3115; x_wconf 80' lang='lat' dir='ltr'><strong>Crem,</strong></span> <span class='ocrx_word' id='word_1_204' title='bbox 394 3055 459 3096; x_wconf 92' lang='lat' dir='ltr'><strong>uon</strong></span> <span class='ocrx_word' id='word_1_205' title='bbox 483 3052 578 3115; x_wconf 87' lang='lat' dir='ltr'><strong>quem</strong></span> <span class='ocrx_word' id='word_1_206' title='bbox 602 3031 734 3095; x_wconf 90' lang='lat' dir='ltr'><strong>exhibet</strong></span> <span class='ocrx_word' id='word_1_207' title='bbox 756 3029 828 3095; x_wconf 90' lang='lat' dir='ltr'><strong>cod.</strong></span> <span class='ocrx_word' id='word_1_208' title='bbox 843 3027 955 3111; x_wconf 82' lang='lat' dir='ltr'><strong>Voss,</strong></span> <span class='ocrx_word' id='word_1_209' title='bbox 971 3032 1005 3095; x_wconf 88' lang='lat' dir='ltr'><strong>in</strong></span> <span class='ocrx_word' id='word_1_210' title='bbox 1025 3053 1114 3115; x_wconf 83' lang='lat' dir='ltr'><strong>suam</strong></span> <span class='ocrx_word' id='word_1_211' title='bbox 1133 3053 1300 3099; x_wconf 86' lang='lat' dir='ltr'><strong>rem-con·</strong></span> 
     </span>
     <span class='ocr_line' id='line_1_27' title="bbox 175 3140 1303 3228; baseline 0.001 -21"><span class='ocrx_word' id='word_1_212' title='bbox 175 3143 314 3208; x_wconf 87' lang='lat' dir='ltr'><strong>vertisse</strong></span> <span class='ocrx_word' id='word_1_213' title='bbox 342 3152 431 3226; x_wconf 87' lang='lat' dir='ltr'><strong>putu,</strong></span> <span class='ocrx_word' id='word_1_214' title='bbox 459 3141 651 3226; x_wconf 87' lang='lat' dir='ltr'><strong>praesertim</strong></span> <span class='ocrx_word' id='word_1_215' title='bbox 679 3163 777 3224; x_wconf 93' lang='lat' dir='ltr'><strong>quum</strong></span> <span class='ocrx_word' id='word_1_216' title='bbox 805 3140 904 3213; x_wconf 85' lang='lat' dir='ltr'><strong>verba</strong></span> <span class='ocrx_word' id='word_1_217' title='bbox 936 3140 1041 3204; x_wconf 87' lang='lat' dir='ltr'><strong>illius:</strong></span> <span class='ocrx_word' id='word_1_218' title='bbox 1075 3142 1114 3204; x_wconf 84' lang='lat' dir='ltr'><strong>ab</strong></span> <span class='ocrx_word' id='word_1_219' title='bbox 1143 3141 1303 3228; x_wconf 63' lang='lat' dir='ltr'><strong>indigna-</strong></span> 
     </span>
     <span class='ocr_line' id='line_1_28' title="bbox 176 3243 1302 3336; baseline 0.002 -19"><span class='ocrx_word' id='word_1_220' title='bbox 176 3253 262 3317; x_wconf 80' lang='lat' dir='ltr'><strong>tione</strong></span> <span class='ocrx_word' id='word_1_221' title='bbox 291 3253 394 3335; x_wconf 81' lang='lat' dir='ltr'><strong>coepit</strong></span> <span class='ocrx_word' id='word_1_222' title='bbox 421 3251 546 3315; x_wconf 80' lang='lat' dir='ltr'><strong>diceas:</strong></span> <span class='ocrx_word' id='word_1_223' title='bbox 574 3255 715 3336; x_wconf 78' lang='lat' dir='ltr'><strong>”semper</strong></span> <span class='ocrx_word' id='word_1_224' title='bbox 738 3270 794 3336; x_wconf 72' lang='lat' dir='ltr'><strong>eqo</strong></span> <span class='ocrx_word' id='word_1_225' title='bbox 818 3251 950 3314; x_wconf 75' lang='lat' dir='ltr'><strong>auditor</strong></span> <span class='ocrx_word' id='word_1_226' title='bbox 973 3255 1124 3333; x_wconf 61' lang='lat' dir='ltr'><strong>aarum,</strong></span> <span class='ocrx_word' id='word_1_227' title='bbox 1145 3252 1192 3316; x_wconf 92' lang='lat' dir='ltr'><strong>ibi</strong></span> <span class='ocrx_word' id='word_1_228' title='bbox 1214 3243 1302 3336; x_wconf 84' lang='lat' dir='ltr'><strong>quo-</strong></span> 
     </span>
     <span class='ocr_line' id='line_1_29' title="bbox 84 3342 1302 3451; baseline 0.003 -25"><span class='ocrx_word' id='word_1_229' title='bbox 84 3361 92 3372; x_wconf 82' lang='lat'>&#39;</span> <span class='ocrx_word' id='word_1_230' title='bbox 176 3385 239 3447; x_wconf 92' lang='lat' dir='ltr'><strong>que</strong></span> <span class='ocrx_word' id='word_1_231' title='bbox 278 3342 392 3427; x_wconf 75' lang='lat' dir='ltr'><strong>ecdem</strong></span> <span class='ocrx_word' id='word_1_232' title='bbox 430 3362 498 3427; x_wconf 90' lang='lat' dir='ltr'><strong>fere</strong></span> <span class='ocrx_word' id='word_1_233' title='bbox 536 3363 634 3427; x_wconf 90' lang='lat' dir='ltr'><strong>modo</strong></span> <span class='ocrx_word' id='word_1_234' title='bbox 673 3370 876 3449; x_wconf 71' lang='lat' dir='ltr'><strong>repetentum</strong></span> <span class='ocrx_word' id='word_1_235' title='bbox 931 3360 1086 3447; x_wconf 84' lang='lat' dir='ltr'><strong>Sequitur</strong></span> <span class='ocrx_word' id='word_1_236' title='bbox 1117 3364 1227 3451; x_wconf 84' lang='lat' dir='ltr'><strong>igitur,</strong></span> <span class='ocrx_word' id='word_1_237' title='bbox 1262 3376 1302 3430; x_wconf 94' lang='lat' dir='ltr'><strong>ut</strong></span> 
     </span>
     <span class='ocr_line' id='line_1_30' title="bbox 176 3470 1299 3556; baseline 0.002 -19"><span class='ocrx_word' id='word_1_238' title='bbox 176 3495 259 3556; x_wconf 88' lang='lat' dir='ltr'><strong>quae</strong></span> <span class='ocrx_word' id='word_1_239' title='bbox 282 3470 321 3536; x_wconf 92' lang='lat' dir='ltr'><strong>de</strong></span> <span class='ocrx_word' id='word_1_240' title='bbox 343 3471 507 3538; x_wconf 80' lang='lat' dir='ltr'><strong>Juvenale&#39;</strong></span> <span class='ocrx_word' id='word_1_241' title='bbox 527 3471 663 3537; x_wconf 86' lang='lat' dir='ltr'><strong>Romam</strong></span> <span class='ocrx_word' id='word_1_242' title='bbox 693 3472 812 3536; x_wconf 89' lang='lat' dir='ltr'><strong>reduce</strong></span> <span class='ocrx_word' id='word_1_243' title='bbox 835 3481 868 3536; x_wconf 93' lang='lat' dir='ltr'><strong>et</strong></span> <span class='ocrx_word' id='word_1_244' title='bbox 889 3495 974 3538; x_wconf 89' lang='lat' dir='ltr'><strong>anno</strong></span> <span class='ocrx_word' id='word_1_245' title='bbox 1003 3474 1120 3540; x_wconf 87' lang='lat' dir='ltr'><strong>aetatis</strong></span> <span class='ocrx_word' id='word_1_246' title='bbox 1149 3494 1226 3538; x_wconf 87' lang='lat' dir='ltr'><strong>suae</strong></span> <span class='ocrx_word' id='word_1_247' title='bbox 1249 3474 1299 3538; x_wconf 85' lang='lat' dir='ltr'><strong>al-</strong></span> 
     </span>
     <span class='ocr_line' id='line_1_31' title="bbox 179 3581 1342 3669; baseline 0.003 -22"><span class='ocrx_word' id='word_1_248' title='bbox 179 3590 252 3649; x_wconf 89' lang='lat' dir='ltr'><strong>tero</strong></span> <span class='ocrx_word' id='word_1_249' title='bbox 275 3593 308 3647; x_wconf 92' lang='lat' dir='ltr'><strong>et</strong></span> <span class='ocrx_word' id='word_1_250' title='bbox 330 3581 532 3669; x_wconf 88' lang='lat' dir='ltr'><strong>octogesimo</strong></span> <span class='ocrx_word' id='word_1_251' title='bbox 555 3593 685 3648; x_wconf 89' lang='lat' dir='ltr'><strong>mortuo</strong></span> <span class='ocrx_word' id='word_1_252' title='bbox 707 3584 741 3647; x_wconf 92' lang='lat' dir='ltr'><strong>in</strong></span> <span class='ocrx_word' id='word_1_253' title='bbox 764 3583 832 3647; x_wconf 86' lang='lat' dir='ltr'><strong>vita</strong></span> <span class='ocrx_word' id='word_1_254' title='bbox 852 3581 906 3644; x_wconf 92' lang='lat' dir='ltr'><strong>III</strong></span> <span class='ocrx_word' id='word_1_255' title='bbox 928 3583 1111 3666; x_wconf 84' lang='lat' dir='ltr'><strong>traduntur,</strong></span> <span class='ocrx_word' id='word_1_256' title='bbox 1134 3606 1173 3648; x_wconf 88' lang='lat' dir='ltr'><strong>ee</strong></span> <span class='ocrx_word' id='word_1_257' title='bbox 1194 3584 1301 3650; x_wconf 86' lang='lat' dir='ltr'><strong>aliun·</strong></span> <span class='ocrx_word' id='word_1_258' title='bbox 1340 3615 1342 3623; x_wconf 33' lang='lat' dir='ltr'><strong>r</strong></span> 
     </span>
     <span class='ocr_line' id='line_1_32' title="bbox 177 3692 1300 3779; baseline 0.004 -23.004"><span class='ocrx_word' id='word_1_259' title='bbox 177 3692 218 3757; x_wconf 88' lang='lat' dir='ltr'><strong>&#39;de</strong></span> <span class='ocrx_word' id='word_1_260' title='bbox 240 3714 278 3756; x_wconf 85' lang='lat' dir='ltr'><strong>ac</strong></span> <span class='ocrx_word' id='word_1_261' title='bbox 300 3704 408 3757; x_wconf 90' lang='lat' dir='ltr'><strong>cetera</strong></span> <span class='ocrx_word' id='word_1_262' title='bbox 430 3692 516 3755; x_wconf 85' lang='lat' dir='ltr'><strong>vitae</strong></span> <span class='ocrx_word' id='word_1_263' title='bbox 538 3694 681 3762; x_wconf 85' lang='lat' dir='ltr'><strong>narratio</strong></span> <span class='ocrx_word' id='word_1_264' title='bbox 704 3694 823 3761; x_wconf 83' lang='lat' dir='ltr'><strong>haustu</strong></span> <span class='ocrx_word' id='word_1_265' title='bbox 845 3694 926 3776; x_wconf 89' lang='lat' dir='ltr'><strong>sint,</strong></span> <span class='ocrx_word' id='word_1_266' title='bbox 954 3694 1044 3776; x_wconf 89' lang='lat' dir='ltr'><strong>quod</strong></span> <span class='ocrx_word' id='word_1_267' title='bbox 1070 3693 1143 3757; x_wconf 88' lang='lat' dir='ltr'><strong>aliis</strong></span> <span class='ocrx_word' id='word_1_268' title='bbox 1165 3715 1300 3779; x_wconf 89' lang='lat' dir='ltr'><strong>quoque</strong></span> 
     </span>
     <span class='ocr_line' id='line_1_33' title="bbox 178 3801 1332 3907; baseline 0.003 -40"><span class='ocrx_word' id='word_1_269' title='bbox 178 3802 273 3867; x_wconf 85' lang='lat' dir='ltr'><strong>rebus</strong></span> <span class='ocrx_word' id='word_1_270' title='bbox 301 3825 376 3867; x_wconf 85' lang='lat' dir='ltr'><strong>mox</strong></span> <span class='ocrx_word' id='word_1_271' title='bbox 410 3801 614 3907; x_wconf 85' lang='lat' dir='ltr'><strong>proferendis</strong></span> <span class='ocrx_word' id='word_1_272' title='bbox 641 3802 794 3868; x_wconf 90' lang='lat' dir='ltr'><strong>firmatur</strong></span> <span class='ocrx_word' id='word_1_273' title='bbox 847 3801 932 3868; x_wconf 87' lang='lat' dir='ltr'><strong>Tota</strong></span> <span class='ocrx_word' id='word_1_274' title='bbox 960 3804 1044 3868; x_wconf 87' lang='lat' dir='ltr'><strong>enim</strong></span> <span class='ocrx_word' id='word_1_275' title='bbox 1077 3802 1189 3868; x_wconf 88' lang='lat' dir='ltr'><strong>harum</strong></span> <span class='ocrx_word' id='word_1_276' title='bbox 1215 3805 1302 3870; x_wconf 87' lang='lat' dir='ltr'><strong>vita·</strong></span> <span class='ocrx_word' id='word_1_277' title='bbox 1329 3854 1332 3859; x_wconf 84' lang='lat'><em>-</em></span> 
     </span>
     <span class='ocr_line' id='line_1_34' title="bbox 180 3896 1301 4000; baseline 0.005 -24"><span class='ocrx_word' id='word_1_278' title='bbox 180 3934 264 3991; x_wconf 89' lang='lat' dir='ltr'><strong>rum,</strong></span> <span class='ocrx_word' id='word_1_279' title='bbox 288 3912 328 3976; x_wconf 91' lang='lat' dir='ltr'><strong>de</strong></span> <span class='ocrx_word' id='word_1_280' title='bbox 350 3911 474 3995; x_wconf 92' lang='lat' dir='ltr'><strong>quibus</strong></span> <span class='ocrx_word' id='word_1_281' title='bbox 503 3934 589 3976; x_wconf 91' lang='lat' dir='ltr'><strong>nunc</strong></span> <span class='ocrx_word' id='word_1_282' title='bbox 617 3913 790 3997; x_wconf 88' lang='lat' dir='ltr'><strong>loquimur,</strong></span> <span class='ocrx_word' id='word_1_283' title='bbox 819 3896 903 3984; x_wconf 83' lang='lat' dir='ltr'><strong>ratio</strong></span> <span class='ocrx_word' id='word_1_284' title='bbox 930 3916 977 3978; x_wconf 89' lang='lat' dir='ltr'><strong>ita</strong></span> <span class='ocrx_word' id='word_1_285' title='bbox 1003 3913 1083 3979; x_wconf 91' lang='lat' dir='ltr'><strong>mihi</strong></span> <span class='ocrx_word' id='word_1_286' title='bbox 1111 3926 1301 4000; x_wconf 88' lang='lat' dir='ltr'><strong>comparata</strong></span> 
     </span>
     <span class='ocr_line' id='line_1_35' title="bbox 180 4022 1301 4112; baseline 0.005 -24"><span class='ocrx_word' id='word_1_287' title='bbox 180 4045 253 4088; x_wconf 86' lang='lat' dir='ltr'><strong>esse</strong></span> <span class='ocrx_word' id='word_1_288' title='bbox 274 4022 414 4106; x_wconf 87' lang='lat' dir='ltr'><strong>videtur,</strong></span> <span class='ocrx_word' id='word_1_289' title='bbox 437 4032 473 4087; x_wconf 93' lang='lat' dir='ltr'><strong>ut</strong></span> <span class='ocrx_word' id='word_1_290' title='bbox 495 4024 536 4088; x_wconf 85' lang='lat' dir='ltr'><strong>ad</strong></span> <span class='ocrx_word' id='word_1_291' title='bbox 559 4024 747 4109; x_wconf 91' lang='lat' dir='ltr'><strong>opinionem</strong></span> <span class='ocrx_word' id='word_1_292' title='bbox 769 4025 855 4090; x_wconf 92' lang='lat' dir='ltr'><strong>ultro</strong></span> <span class='ocrx_word' id='word_1_293' title='bbox 877 4026 1008 4108; x_wconf 86' lang='lat' dir='ltr'><strong>invitet,</strong></span> <span class='ocrx_word' id='word_1_294' title='bbox 1032 4026 1177 4112; x_wconf 87' lang='lat' dir='ltr'><strong>singulas</strong></span> <span class='ocrx_word' id='word_1_295' title='bbox 1200 4046 1301 4108; x_wconf 85' lang='lat' dir='ltr'><strong>quas·</strong></span> 
     </span>
    </p>
   </div>
   <div class='ocr_carea' id='block_1_3' title="bbox 69 4130 1301 4376">
    <p class='ocr_par' dir='ltr' id='par_1_3' title="bbox 69 4130 1301 4376">
     <span class='ocr_line' id='line_1_36' title="bbox 182 4134 1300 4219; baseline 0.007 -23"><span class='ocrx_word' id='word_1_296' title='bbox 182 4153 333 4216; x_wconf 89' lang='lat' dir='ltr'><strong>queres,</strong></span> <span class='ocrx_word' id='word_1_297' title='bbox 362 4152 444 4215; x_wconf 91' lang='lat' dir='ltr'><strong>quae</strong></span> <span class='ocrx_word' id='word_1_298' title='bbox 472 4134 513 4200; x_wconf 89' lang='lat' dir='ltr'><strong>ad</strong></span> <span class='ocrx_word' id='word_1_299' title='bbox 540 4134 640 4198; x_wconf 86' lang='lat' dir='ltr'><strong>vitam</strong></span> <span class='ocrx_word' id='word_1_300' title='bbox 666 4147 782 4219; x_wconf 88' lang='lat' dir='ltr'><strong>poetae</strong></span> <span class='ocrx_word' id='word_1_301' title='bbox 815 4136 1030 4219; x_wconf 89' lang='lat' dir='ltr'><strong>pertinerent,</strong></span> <span class='ocrx_word' id='word_1_302' title='bbox 1057 4135 1131 4201; x_wconf 88' lang='lat' dir='ltr'><strong>aliis</strong></span> <span class='ocrx_word' id='word_1_303' title='bbox 1159 4135 1300 4204; x_wconf 88' lang='lat' dir='ltr'><strong>aliorum</strong></span> 
     </span>
     <span class='ocr_line' id='line_1_37' title="bbox 69 4130 1301 4376; baseline 0.005 -68"><span class='ocrx_word' id='word_1_304' title='bbox 69 4130 486 4376; x_wconf 68' lang='lat' dir='ltr'><strong>&#39;commentariorum</strong></span> <span class='ocrx_word' id='word_1_305' title='bbox 507 4244 591 4308; x_wconf 89' lang='lat' dir='ltr'><strong>locis</strong></span> <span class='ocrx_word' id='word_1_306' title='bbox 613 4244 785 4309; x_wconf 85' lang='lat' dir='ltr'><strong>memoriae</strong></span> <span class='ocrx_word' id='word_1_307' title='bbox 813 4243 959 4329; x_wconf 87' lang='lat' dir='ltr'><strong>proditas</strong></span> <span class='ocrx_word' id='word_1_308' title='bbox 986 4243 1104 4328; x_wconf 86' lang='lat' dir='ltr'><strong>fuisse,</strong></span> <span class='ocrx_word' id='word_1_309' title='bbox 1127 4253 1163 4308; x_wconf 90' lang='lat' dir='ltr'><strong>ut</strong></span> <span class='ocrx_word' id='word_1_310' title='bbox 1184 4243 1224 4309; x_wconf 90' lang='lat' dir='ltr'><strong>de</strong></span> <span class='ocrx_word' id='word_1_311' title='bbox 1247 4270 1301 4314; x_wconf 88' lang='lat' dir='ltr'><strong>re-</strong></span> 
     </span>
    </p>
   </div>
   <div class='ocr_carea' id='block_1_4' title="bbox 0 0 1375 4658">
    <p class='ocr_par' dir='ltr' id='par_1_4' title="bbox 0 0 1375 4658">
     <span class='ocr_line' id='line_1_38' title="bbox 0 0 1375 4658; baseline 0 0"><span class='ocrx_word' id='word_1_312' title='bbox 0 0 1375 4658; x_wconf 95' lang='lat' dir='ltr'><strong> </strong></span> 
     </span>
    </p>
   </div>
  </div>
 </body>
</html>
