2722 4658
1153 158 1192 223 15

140 384 144 389 ·
191 347 299 437 Feeit
324 352 502 454 quosdam
527 346 656 431 versus
687 348 726 433 in
751 346 921 432 Paridem
946 346 1232 446 pantomimum,

189 478 373 578 quitune
406 466 584 575 temporis
600 510 602 514 ·
617 471 715 574 atiud
745 476 1009 574 imperatorem
1035 472 1234 574 plurimum

196 615 353 702 poterat.
413 604 491 679 Hae
521 605 569 678 de
601 627 711 678 eausa
748 602 853 678 venit
891 602 929 677 in
969 601 1235 701 suspicionem,
1302 619 1303 631 ¹

196 733 299 831 quasi
329 733 436 807 istius
468 730 700 829 imperatoris
737 738 907 829 tempora
936 740 1116 808 notasset.
1175 710 1236 805 sio

196 862 353 935 obtentu
378 857 529 933 militiae
548 858 679 957 pulsus
698 859 788 932 urbe
808 859 958 933 tandem
976 857 1132 934 Romam
1152 880 1236 937 oum

195 985 341 1066 veniret
355 983 403 1061 'et
427 985 635 1063 Martialem
666 1008 773 1060 suum
798 976 873 1058 non
905 983 1070 1071 videret,
1096 983 1147 1059 ita
1172 987 1238 1071 tri·

196 1113 296 1199 stitia
326 1123 363 1196 et
395 1137 546 1224 angore
564 1111 676 1215 periit
707 1136 803 1193 anno
838 1111 967 1195 aetatis
999 1139 1086 1190 suae
1118 1114 1237 1193 altero

198 1251 236 1322 et
260 1239 519 1343 octuagesimo.
574 1346 579 1355 ‘

122 1372 271 1458 Alterum
291 1393 388 1478 hujus
409 1394 498 1458 vitae
525 1391 707 1475 exemplum
735 1413 787 1475 ap.
810 1384 1002 1457 Cremerum
1023 1391 1045 1455 l.
1067 1412 1095 1455 o.
1118 1414 1151 1478 p.
1174 1390 1237 1456 568

105 1513 139 1570 'e
160 1503 391 1570 commentario
413 1523 474 1567 ms.
496 1499 749 1571 Vindobenensi
766 1500 853 1565 haud
870 1499 1040 1586 indignum
1062 1508 1126 1583 est,
1149 1500 1239 1586 quod

119 1614 223 1698 priori
244 1613 391 1679 addatur'.
424 1611 511 1679 Post
531 1630 636 1696 nugas
658 1609 819 1694 quasdem
839 1609 879 1674 de
902 1609 1087 1676 nominibus
1109 1620 1237 1697 poetae,
1277 1608 1281 1618 Χ

121 1744 204 1807 quas
224 1746 266 1798 ex
288 1745 348 1798 suo
371 1720 458 1793 haud
479 1719 776 1836 dubie'expromsit
797 1717 989 1805 scholiasta,
1012 1721 1060 1787 sie
1081 1722 1207 1809 pergite

122 1877 179 1951 111
191 1879 227 1954 b.
266 1876 457 1957 luvenalis
494 1876 564 1953 iste
595 1874 798 1979 Aquinates
836 1875 925 1963 fuit,
958 1875 982 1950 i.
1009 1877 1057 1956 de
1088 1873 1238 1985 Aquino

190 1989 336 2113 'oppido
369 2003 597 2106 temporibus
622 2003 784 2103 Neronis
812 2000 956 2086 Claudii
989 2003 1236 2102 imperatque.

195 2132 318 2220 Prima
349 2142 467 2220 aetate
506 2132 628 2217 siluit,
661 2133 707 2212 ad
740 2129 900 2212 mediam
931 2131 1047 2207 ferme
1080 2141 1238 2208 aetatem

198 2261 439 2344 daelamauit,
465 2259 565 2333 unde
591 2268 629 2330 et
653 2256 758 2354 quasi
777 2257 842 2330 diu
861 2267 987 2338 tuaene
1007 2258 1051 2333 ab
1070 2258 1237 2359 indigna·

198 2386 300 2460 tione
332 2384 455 2483 eoepit
486 2383 629 2458 diaeum
669 2383 839 2480 ”semper
871 2408 940 2485 ego
974 2386 1123 2460 auditor
1160 2396 1239 2460 tan·

128 2564 131 2571 -
197 2498 312 2588 tum?
359 2511 463 2588 Fecit
488 2513 666 2609 quosdam
692 2533 822 2585 versus
848 2510 886 2584 in
912 2510 1083 2594 Paridem
1109 2523 1239 2623 panto·

197 2642 366 2734 mimum,
400 2640 464 2745 qui
496 2649 575 2719 tum
606 2637 707 2740 apud
738 2637 1000 2737 imperatorem
1038 2635 1238 2751 plurimum
1355 2716 1358 2722 ,

166 2770 355 2860 -valebat
407 2766 486 2870 Hae
518 2766 566 2868 de
605 2789 713 2846 eausa
750 2765 855 2876 yenit
891 2764 930 2848 in
969 2769 1237 2867 suspicionem,
1304 2753 1344 2812 7

198 2896 301 2996 quasi
327 2894 442 2994 ipsius
468 2890 700 2989 imperatoris
726 2899 896 2990 tempora
918 2904 1085 2977 notasset
1110 2899 1238 2998 sieque

92 3073 93 3081 κ
199 3024 266 3113 sub
294 3023 447 3118 obtentu
471 3017 623 3095 militiae
649 3018 780 3117 pulsus
807 3028 864 3094 est
889 3000 991 3098 urbe.
1043 3020 1101 3104 Ita
1126 3024 1238 3108 tristi.

198 3149 250 3230 iia
274 3158 313 3224 et
337 3171 473 3248 angore
499 3144 622 3245 pariit.
1276 3120 1278 3137 ¹

123 3319 175 3403 Ex
197 3318 248 3384 his
271 3318 348 3385 vitis
370 3316 425 3383 'vel
451 3316 572 3383 rectius
600 3297 641 3381 ex
667 3316 850 3406 posteriore
877 3317 995 3392 hausta
1021 3341 1095 3397 esse
1116 3295 1235 3397 censeo

124 3421 341 3522 additamenta
362 3429 447 3521 vitae
469 3425 513 3490 II.
554 3419 725 3518 ¹Quaenam
740 3447 820 3491 vero
837 3425 923 3505 inter
944 3428 1004 3503 has
1021 3429 1102 3521 duas
1118 3431 1236 3525 facies,

122 3561 204 3623 quas
227 3538 274 3602 sio
303 3535 402 3603 offert
423 3537 490 3607 vita
510 3533 579 3615 111,
605 3536 770 3620 antiquior
793 3536 851 3618 sit,
872 3560 941 3612 non
962 3546 1015 3612 est
1035 3539 1167 3612 difficile
1189 3543 1237 3616 die
1350 3542 1355 3547 “

120 3631 266 3733 judicatu
288 3656 322 3713 et
341 3646 427 3711 infra
446 3667 506 3735 per
528 3666 563 3711 se
584 3643 755 3711 dilucebit:
781 3632 867 3720 nuno
887 3647 922 3714 id
944 3648 1049 3724 solum
1071 3629 1237 3734 teneamus
1263 3725 1268 3736 ‚

124 3756 222 3830 velim
253 3756 458 3822 manifestum
491 3775 563 3828 esse
591 3778 647 3822 eas
679 3755 721 3821 ad
748 3738 848 3823 unum
879 3757 1080 3842 eundemque
1113 3763 1237 3839 fontem
1320 3773 1321 3776 ’

123 3865 295 3961 pertinere.
337 3866 442 3952 Quem
463 3867 587 3940 fontem
609 3862 784 3963 diligenter
810 3868 1008 3952 perscrutari
1032 3890 1086 3938 res
1107 3872 1238 3971 maximi

125 3985 176 4043 est
195 3977 364 4070 momenti²
396 3984 439 4055 ut
460 3974 540 4066 quid
561 3969 613 4041 'ibi
630 3974 794 4044 traditum
819 3978 919 4044 fuerit
944 3977 1154 4068 intelligatur.
1197 3980 1238 4055 In

123 4085 185 4152 hae
205 4109 241 4155 re
267 4085 502 4161 consideranda
527 4087 668 4181 primum
695 4086 923 4162 observatione
950 4069 1085 4187 dignum
1112 4090 1241 4184 videtur
1316 4141 1326 4163 „

126 4195 207 4263 suu
233 4198 268 4265 in
294 4198 363 4265 vua
388 4218 438 4287 ap.
468 4190 578 4317 ciam.
612 4196 652 4268 de
684 4193 791 4276 reditu
823 4207 939 4297 poetae
971 4194 1321 4320 moranus&
