2722 4658
222 185 262 258 'ld

181 368 716 462 (Ep-H12,V16)ssprolitetur
742 371 899 456 cujusque
924 368 1046 436 mentio
1073 365 1149 434 huie
1173 367 1299 452 episto·

180 481 421 568 laecptissima
443 481 544 552 inseri
565 481 683 568 potuit.
725 479 842 563 Itaque
863 477 1035 547 concidere
1056 476 1175 545 debere
1196 477 1300 543 mani·

181 593 303 659 festum
327 600 379 658 est
403 590 669 657 ratiocinationes
695 589 860 656 Dodwelli
888 588 1022 678 (Annal-
1043 588 1157 673 Quint.
1179 610 1213 673 p.
1236 587 1299 652 138

188 702 263 790 sq.),
296 702 415 789 quibus
448 702 564 773 statuit
588 699 747 766 rhetorem
776 698 876 764 liliam
901 721 944 768 ex
964 698 1066 765 altero
1087 697 1300 777 matrimonio

187 813 360 883 sustulisse
392 819 488 899 atque
521 811 573 878 bis
606 810 702 875 etiam
729 807 932 894 temporibus
959 830 1136 894 pauperem
1161 807 1204 873 ab
1223 807 1303 881 ‚Ha-

182 922 297 991 driano
331 921 461 988 tandem
494 921 582 986 circa
613 941 687 1000 ann.
712 918 772 984 118
805 928 993 989 ornamenta
1025 918 1083 984 illa
1111 917 1305 992 ,consularia

182 1032 359 1119 accepisse.
390 1030 444 1096 Ac
464 1052 506 1097 ne
527 1028 609 1095 illud
630 1028 760 1116 quidem
776 1037 901 1096 certum
922 1037 989 1112 est,
1010 1029 1088 1096 num
1109 1029 1213 1095 vitam
1231 1037 1302 1095 tam

130 1229 132 1235 s
181 1143 281 1231 longe
302 1139 508 1227 produxerit3
530 1149 644 1207 contra
663 1137 766 1203 multo
782 1138 986 1226 probabilius
1001 1139 1132 1206 videtur
1146 1161 1221 1205 eum
1234 1140 1303 1225 jam

183 1263 253 1325 tum
272 1259 436 1317 mortuum
457 1251 576 1333 fuisse,
603 1271 703 1336 quum
722 1247 894 1316 Juvenalis
923 1272 1041 1316 nomen
1068 1252 1140 1337 ejus
1160 1272 1224 1336 pro
1248 1270 1303 1316 cu·

179 1361 315 1448 juslibet
336 1360 502 1445 aduocati,
529 1360 688 1443 rhetoris,
716 1358 806 1426 docti
832 1359 896 1428 viri
922 1382 1079 1447 usurpare
1100 1360 1213 1448 eoepit
1235 1359 1302 1448 (VI

183 1475 237 1557 75,
260 1468 425 1558 280,vl1
447 1471 534 1557 186).
578 1468 688 1556 Hujus
710 1470 758 1536 rei
780 1478 947 1538 auctorem
967 1470 1095 1557 reperio
1118 1466 1304 1551 0111111-

182 1582 286 1649 thium
307 1583 341 1649 in
361 1583 466 1668 praef.
487 1581 538 1648 ed.
560 1579 650 1655 Suet.
672 1604 706 1666 p.
728 1595 874 1663 Lxxvn,
902 1581 959 1667 qui
981 1581 1151 1648 contendit
1172 1581 1304 1668 Quinti-

182 1694 306 1760 lianum
329 1697 397 1781 jam
424 1692 478 1760 vel
498 1691 691 1759 Domitiano
712 1691 766 1758 rel
787 1688 900 1757 Nerva
927 1692 1106 1778 imperante
1133 1691 1204 1758 fato
1225 1713 1305 1763 con·

182 1805 333 1877 cessisse.
376 1800 501 1868 Nescio
533 1800 698 1887 equidem,
726 1801 813 1868 unde
839 1801 875 1867 id
907 1811 1109 1888 compertum
1140 1801 1303 1888 proferat,

183 1911 352 1999 probabile
379 1919 500 1982 tamen¹
514 1909 619 1976 habeo
641 1933 682 1976 ex
707 1909 790 1978 locis
812 1911 879 1979 illis
901 1911 1144 1997 Juvenalianis,
1167 1913 1225 1980 ubi
1247 1936 1305 1982 no·

182 2047 257 2093 men
289 2021 485 2108 Quintiliani
517 2044 577 2109 pro
613 2022 776 2092 communi
802 2023 943 2108 quodam
975 2025 1124 2111 exemplo
1157 2025 1309 2112 ponitur..

182 2134 356 2203 Postremo
378 2133 452 2219 quis
480 2155 547 2200 non
573 2131 664 2199 ridet
689 2140 809 2199 totum<
827 2134 986 2220 septimae
1012 2135 1131 2203 satirae
1158 2135 1306 2203 colorem

184 2253 262 2314 uta
283 2242 496 2330 sequentibus
518 2242 594 2309 inde
617 2264 637 2308 a
656 2242 796 2329 decima,
829 2265 911 2329 quas
930 2245 1000 2312 sub
1027 2244 1199 2312 Hadriano
1225 2266 1306 2313 eon·

183 2356 325 2442 scriptas
346 2376 421 2421 esse
442 2353 540 2420 cortis
556 2353 688 2443 indiciis
705 2352 929 2423 demonstrare
949 2355 1041 2439 licet,
1063 2354 1159 2422 valde
1181 2355 1306 2425 disere·

183 2487 276 2552 pare,
297 2465 344 2530 ita
369 2464 413 2532 ad
440 2464 585 2532 indolem
613 2465 759 2551 priorum
780 2466 928 2552 proxime
960 2464 1115 2533 accedere
1136 2467 1197 2553 (cf.
1217 2465 1306 2534 Her-

182 2573 497 2660 mann.1l.e.p.19)?
518 2574 559 2640 In
571 2573 690 2660 quibus
702 2595 803 2658 quum
813 2573 904 2641 nulla
919 2575 1039 2645 certior
1055 2577 1214 2663 temporis
1225 2587 1304 2644 nota

182 2705 303 2749 annum
326 2682 387 2747 103
410 2681 606 2769 egrediatur,
621 2680 701 2778 haec
723 2684 833 2749 statim
849 2692 927 2771 post
947 2685 1002 2752 vel
1018 2687 1159 2753 fortasse
1181 2689 1304 2755 rectius

183 2791 298 2861 eodem
313 2800 471 2879 tempore,
488 2813 552 2876 quo
568 2792 695 2878 priores
711 2802 905 2862 retractatae
921 2803 1007 2878 sunt,
1024 2795 1156 2863 condita
1178 2801 1305 2882 quomi-

182 2925 244 2972 nus
266 2901 423 2970 habeatur
443 2900 527 2968 nibil
549 2912 615 2987 est,
637 2904 727 2990 quod
747 2904 915 2992 impediat.
952 2905 1029 2972 Huc
1046 2906 1128 2975 duae
1143 2907 1303 2995 imprimis

182 3034 300 3087 causae
321 3014 497 3098 adcedam,
519 3037 606 3100 quae,
623 3037 685 3082 nos
704 3015 752 3082 sic
768 3014 809 3082 ds
825 3015 1054 3083 conscribendi
1070 3026 1218 3104 tempore
1235 3042 1304 3087 mo·

183 3126 271 3191 nitor
293 3127 328 3190 in
354 3124 416 3192 hac
445 3125 605 3199 sententia
637 3126 736 3193 etiam
753 3127 866 3215 magis
898 3127 1026 3195 firmare
1052 3127 1188 3200 debent,
1234 3130 1304 3198 Pri-

184 3257 272 3305 mum
294 3235 379 3300 enim
400 3236 573 3304 «luvenalis
605 3237 724 3304 satiras
752 3257 828 3303 suas
856 3237 892 3302 in
918 3259 992 3303 eum
1019 3238 1165 3307 ordinem
1193 3242 1302 3330 diges-

184 3348 268 3415 sisse
294 3344 435 3430 videtur,
467 3370 533 3433 quo
565 3369 619 3413 eas
653 3347 810 3429 absolvit,
837 3368 935 3433 quare
962 3349 1060 3416 etiam
1092 3352 1193 3417 satira
1224 3361 1304 3427 tem·

183 3481 263 3547 pore
290 3458 396 3544 prima
428 3458 605 3525 secundum
637 3457 746 3524 locum
773 3458 899 3524 obtinet
929 3467 1008 3545 post
1038 3461 1193 3546 primam,
1216 3483 1305 3546 ,quae

184 3567 267 3639 nibil
288 3567 378 3635 aliud
392 3576 460 3648 est,
476 3568 540 3634 nisi
557 3568 732 3636 voluminis
749 3569 918 3655 praefatio.
945 3570 1074 3637 Deinde
1092 3572 1233 3657 septima
1254 3595 1304 3639 sa·

186 3680 249 3745 tira
270 3679 348 3745 nori
370 3675 496 3762 aliquid
517 3677 627 3763 affert,
649 3687 686 3744 ut
707 3678 841 3745 adeam
858 3682 925 3765 jam
943 3703 1008 3746 non
1024 3680 1199 3767 pertineat,
1213 3682 1304 3769 quod

185 3786 226 3854 de
241 3789 377 3854 mortuis
389 3796 516 3852 tantum
527 3809 546 3852 a
556 3809 592 3854 se
607 3790 866 3879 perstringendis
877 3791 910 3855 in
924 3791 1029 3877 prima
1039 3790 1186 3875 loquitur
1193 3804 1304 3879 poeta.

185 3895 252 3962 Hic
268 3899 354 3965 enim
371 3898 436 3971 sibi
451 3920 520 3970 rem
536 3919 610 3965 eum
625 3899 789 3985 praesenti
806 3907 951 3987 tempore
962 3923 1035 3969 esse
1047 3910 1158 3986 aperte
1170 3903 1306 3970 confite·

186 4015 240 4072 tur
257 4014 390 4092 statum,
408 4008 513 4092 qualis
530 4010 563 4074 in
580 4009 665 4076 banc
681 4020 819 4079 aetatem
837 4033 860 4078 e,
870 4012 980 4097 priore
992 4008 1199 4096 redundarat,
1216 4013 1306 4080 litte·

186 4138 295 4184 rarum
316 4137 462 4203 carpens.
504 4120 738 4189 Fundamentis
760 4122 861 4209 igitur
888 4120 1091 4207 superiorum
1113 4123 1304 4210 satirarum,

188 4247 270 4314 qnae
292 4247 441 4352 Ψ
461 4239 586 4317 partem
608 4232 676 4318 jam
703 4232 764 4300 sub
791 4232 981 4300 Domitiano
1006 4233 1093 4325 jacta
1119 4252 1192 4304 esse
1220 4234 1307 4303 ridi·
