2722 4658
1181 209 1219 270 57

149 388 314 475 urgentia,
337 391 404 474 jam
427 382 519 474 justo
549 390 623 474 plus
651 389 799 474 dilatate,
822 401 859 457 ut
879 401 950 458 tota
975 395 1034 459 ills
1060 397 1202 461 narratio
1224 395 1265 461 de

149 497 300 591 sportula
329 499 515 589 interjecta,
548 502 640 584 cujus
675 500 821 587 singulae
849 524 994 588 resque
1020 504 1145 570 ratione
1166 505 1267 572 altera

147 628 191 677 ex
213 610 315 675 altera
339 631 442 674 nexae
470 609 537 674 sint
567 609 700 674 minime
726 610 761 673 in
785 622 942 697 promptu
969 624 1022 679 est
1047 614 1210 681 declarare
1225 617 1266 700 ¹);

147 727 218 784 tam
239 720 372 785 incitato
396 740 493 784 cursu
511 721 577 805 jam
599 719 712 785 evolat
733 724 848 804 oratio,
869 712 935 788 tam
957 722 1112 813 languide
1133 746 1192 808 per
1213 724 1267 790 ab·

149 838 265 914 ruptos
288 839 387 912 atque
413 829 600 914 inopinatos
627 830 787 896 transitus
814 833 879 918 jam
906 834 1024 920 serpit,
1047 842 1099 918 ut,
1120 835 1267 920 quamvis

148 939 365 1004 haecomnia
392 938 432 1004 sb
458 939 591 1026 ingenio
614 938 789 1006 Juvenalis
816 964 880 1007 non
908 943 1041 1009 omnino
1070 945 1177 1010 aliena
1197 967 1269 1012 esse

147 1049 383 1131 concedantur,
404 1049 514 1115 eadem
536 1049 619 1115 adeo
641 1051 742 1116 nimia
768 1057 866 1134 atque
892 1053 926 1117 in
952 1057 1056 1141 majus
1079 1062 1174 1120 aucta
1197 1077 1272 1122 nus·

135 1148 252 1244 lquam
272 1157 351 1224 mihi
373 1158 616 1246 deprehendere
639 1160 762 1226 videar.
808 1155 914 1247 Cujus
941 1164 988 1228 rei
1014 1164 1172 1250 aptiorem
1199 1187 1273 1230 cau-

136 1274 225 1351 {sam
246 1293 312 1336 non
334 1271 473 1356 reperio,
495 1291 593 1354 quam
615 1271 704 1355 quod
725 1271 807 1336 haec
830 1273 931 1337 satira
951 1273 1068 1338 iterum
1084 1296 1122 1339 ac
1144 1275 1273 1361 saepius

127 1374 291 1497 {mutata
314 1380 462 1464 adaucta,
484 1379 651 1466 perpolita
673 1376 718 1443 sit
739 1389 847 1462 atque,
868 1390 905 1446 ut
926 1382 1082 1468 denique,
1098 1385 1186 1466 quod
1203 1407 1275 1452 sen-

128 1472 246 1577 itiam,
268 1493 367 1577 profit
368 1514 434 1574 ear,
458 1513 500 1555 ex
522 1489 672 1574 pluribus
695 1490 937 1576 epigrammatis
958 1492 1012 1557 vel
1039 1480 1134 1576 quisi
1160 1495 1276 1559 articu-

129 1596 249 1685 ;lis1n
272 1625 375 1666 unum
397 1621 519 1684 corpus
542 1598 700 1685 colligata
722 1608 755 1664 et
781 1598 929 1665 conflata.
974 1601 1030 1665 An
1057 1602 1277 1669 nobilissimae

118 1746 122 1777 ι
149 1712 243 1779 exilii
266 1733 385 1777 causae
406 1710 473 1774 hoc
495 1708 570 1774 loco
594 1707 849 1774 obliviscemur?
882 1707 967 1774 Nam
989 1711 1069 1794 quid
1097 1720 1165 1793 est,
1192 1712 1279 1798 quod

123 1823 358 1904 dubitemus,
381 1821 460 1906 quin
483 1819 568 1885 hune
596 1840 718 1884 morem
753 1839 868 1884 versus
894 1820 1005 1903 priore
1032 1828 1181 1905 tempore
1203 1842 1279 1884 con·

150 1933 297 2019 scriptos
318 1933 353 1997 in
375 1931 507 2012 satiras,
530 1951 612 2014 quas
634 1929 772 1994 editioni
793 1928 944 2014 parabat,
965 1929 1132 1996 inserendi
1150 1930 1201 1996 bis
1216 1936 1278 1995 ter-

152 2055 234 2128 que,
256 2066 323 2108 non
345 2040 446 2109 semel
471 2049 598 2105 tantum
620 2048 752 2107 secutus
775 2039 820 2105 sit
840 2048 937 2123 atque
960 2041 1058 2106 etiam
1080 2048 1187 2105 totum
1209 2061 1278 2106 cer·

150 2177 227 2221 men
250 2155 313 2220 hoc
335 2153 434 2218 modo
467 2150 713 2236 composuerit?
746 2149 846 2234 Quod
879 2159 986 2216 autem
1014 2172 1050 2217 se
1073 2150 1108 2216 in
1131 2160 1277 2219 mortuos

151 2272 282 2327 tantum
302 2262 454 2329 homines
482 2261 688 2324 invecturum
715 2282 788 2325 esse
811 2261 857 2324 ait
877 2263 925 2345 (v.
949 2262 1021 2342 170,
1045 2261 1133 2348 111),
1155 2260 1190 2327 id
1211 2284 1277 2327 non

156 2383 224 2436 tem
241 2369 430 2452 consilium,
448 2376 621 2452 antequem
637 2366 679 2433 ad
697 2369 814 2434 satiras
832 2369 1020 2437 scribendas
1037 2371 1277 2458 aggrederetur,

95 2499 103 2512 “
158 2488 304 2566 captum,
338 2501 434 2563 quam
465 2477 631 2564 professio
655 2500 672 2543 e
696 2479 852 2563 temporis
878 2481 1020 2563 ratione,
1047 2504 1113 2565 quo
1137 2482 1276 2547 carmine

156 2600 254 2656 antea
276 2590 408 2675 condita
434 2587 550 2669 edidit,
577 2587 727 2673 profecta
753 2576 892 2654 videtur.
940 2589 1025 2655 Nam
1054 2612 1153 2674 quum
1174 2591 1274 2659 Juve-

153 2701 241 2769 nelis
264 2701 364 2767 satira
390 2721 541 2787 magnam
573 2706 698 2783 partem
726 2696 883 2763 historica
909 2699 1049 2783 quodam
1076 2700 1173 2766 modo
1199 2722 1270 2771 esse

153 2812 325 2880 verissime
347 2810 466 2875 dicitur
493 2808 608 2897 (Jahn.
630 2808 653 2871 l.
676 2809 730 2894 c),
757 2806 793 2874 id
818 2807 948 2891 quidem
980 2809 1153 2895 praecipue
1180 2833 1270 2898 spec·

96 2954 100 2958 ·
153 2935 226 2989 tare
248 2922 344 2987 debet
369 2941 487 3007 neque
503 2918 544 2982 ed
559 2921 743 3004 ,”praesens
775 2927 904 3004 tempus
936 2919 1075 3007 imagine
1107 2927 1271 3006 praeteriti

157 3034 369 3120 castigatum''
397 3050 501 3114 neque
528 3027 570 3091 ad
598 3026 762 3092 scribendi
789 3028 951 3110 quandam
971 3030 1121 3116 figurem,
1145 3044 1179 3100 ut
1200 3041 1271 3107 vult

155 3142 365 3229 Madvigius,
398 3140 454 3225 qui
480 3138 515 3202 in
537 3135 661 3224 Opusc.
684 3137 774 3202 acad.
802 3138 857 3205 alt.
878 3161 911 3223 p.
935 3139 995 3204 185
1022 3141 1100 3208 dicit
1126 3144 1271 3221 Juvenu-

155 3257 222 3320 lem
249 3250 384 3339 ”quibus
417 3250 488 3334 ipse
514 3248 703 3337 recitaverit
734 3259 881 3335 tempora
908 3251 948 3315 ab
971 3254 1207 3347 superioribus,
1231 3290 1272 3332 ex

156 3365 277 3452 quibus
300 3361 455 3426 vitiorum
476 3358 625 3444 exempla
647 3368 767 3441 sumat,
789 3383 855 3425 non
877 3360 1049 3449 diligenter
1070 3367 1271 3462 distinguere

158 3496 198 3539 ac
220 3495 318 3558 saepe
342 3495 377 3536 se
400 3471 434 3534 in
456 3468 534 3533 haee
566 3469 743 3535 transferre
777 3470 939 3536 scribendi
971 3472 1089 3564 figura,
1117 3489 1270 3566 quoniam

159 3585 315 3649 universa
336 3581 492 3662 foeditas,
515 3581 548 3643 in
571 3601 636 3645 uno
659 3581 806 3666 exemplo
829 3581 987 3670 eminens,
1015 3590 1056 3654 ad
1084 3614 1212 3659 omnem
1233 3588 1270 3654 il-

160 3697 227 3759 lam
248 3700 385 3758 aetetem
407 3691 597 3776 pertineat.''
638 3687 705 3758 Sed
729 3698 798 3756 tota
825 3690 912 3769 illius
939 3699 1030 3763 vocis
1059 3701 1109 3767 vis
1137 3700 1270 3768 veritas·
1338 3738 1342 3743 -

160 3826 224 3890 que
247 3802 281 3866 in
302 3824 340 3869 eo
361 3801 499 3887 marrime
522 3799 672 3883 cernitur,
694 3801 781 3883 quod
798 3801 967 3872 Juvenalis
985 3807 1049 3872 alio
1066 3818 1212 3893 tempore
1233 3823 1268 3871 so

162 3912 204 3980 ad
227 3913 345 3979 satiras
366 3911 553 3978 scribendas
580 3910 731 3993 contulit,
759 3913 822 3978 alio
850 3937 904 3980 eas
931 3916 1052 3999 publici
1071 3915 1154 3996 juris
1176 3910 1264 3978 fecit,

264 4164 287 4224 ¹)
304 4159 391 4226 Hujus
406 4161 457 4213 leci
474 4164 603 4213 rationem
628 4165 768 4228 explanare
793 4166 900 4212 conatus
921 4164 975 4201 sum
997 4150 1024 4195 in
1045 4135 1205 4199 commeanti

166 4271 237 4308 meae
255 4269 335 4319 supra
353 4253 448 4304 citatae
464 4271 488 4320 p.
505 4255 537 4306 69
556 4271 594 4320 sq.
678 4254 681 4265 '
