2722 4658
1003 198 1005 205 4
1154 202 1205 270 49,

123 395 227 480 Quem
249 393 388 480 lapidem
411 392 451 457 ab
474 392 548 478 ipso
570 399 668 476 poeta
689 401 802 458 nostro
820 391 1004 469 dedicatum
1025 414 1098 460 esse
1120 415 1237 461 nomen

126 514 160 570 et
180 504 287 586 locus,
310 503 365 569 ubi
388 508 536 588 repertus
558 511 622 582 est,
647 509 741 588 atque
758 503 829 588 ipsa
846 502 997 570 militaris
1014 503 1156 570 muneris
1173 526 1251 570 mer

125 613 228 680 moria
248 612 428 679 luculenter
449 610 597 695 probant.
638 608 761 695 Itaque
790 633 889 696 quum
915 613 1105 703 testimonio
1133 613 1240 701 diplo-

126 733 262 807 matum,
284 723 338 789 vel
361 743 442 806 quas
470 721 594 801 tabulas
627 721 784 789 honestae
816 724 986 790 missionis
1005 729 1136 789 'vocant
1157 723 1239 811 (vid.

113 831 332 921 *Marquardt
349 830 496 896 -Haudb.
520 831 551 896 d.
573 831 667 899 Rom.
690 833 832 899 Alterth.
856 833 893 899 T.
916 832 971 898 III
992 835 1031 900 P.
1055 836 1074 898 2
1096 858 1129 921 p.
1151 835 1241 922 431),

128 946 206 1010 satis
229 952 318 1009 certe
341 943 503 1031 cognitum
526 941 699 1008 habeamus
727 944 863 1026 primam
885 945 1055 1011 eohortem
1077 944 1243 1010 Delmata-

126 1062 196 1120 r'um
225 1055 261 1119 in
287 1048 456 1118 Britannia
488 1052 581 1116 annis
610 1052 669 1116 106
692 1063 725 1118 et
757 1054 817 1118 124
844 1055 1021 1122 tetendisse
1049 1056 1106 1142 (cf.
1128 1052 1242 1121 Hueb-

128 1186 186 1228 ner
216 1164 250 1227 in
282 1161 395 1231 Rhein.
425 1161 515 1228 Mus.
538 1160 576 1226 T.
598 1161 652 1228 XI
673 1163 787 1251 (1857)
817 1188 847 1250 p.
871 1165 938 1249 30),
972 1168 1063 1250 cujus
1091 1175 1124 1231 et
1151 1185 1244 1251 prae-

127 1274 205 1340 fecti
237 1264 270 1338 et'
304 1273 423 1339 tribuni
452 1274 582 1359 saepius
610 1285 904 1341 commemorantur
933 1274 1013 1362 (vid.
1035 1274 1144 1359 Marq.
1170 1276 1192 1338 1.
1215 1296 1243 1340 c.

128 1406 161 1468 p·
183 1382 270 1473 376),
292 1405 356 1467 qno
381 1386 585 1465 inmunere,
609 1364 716 1448 utrum
738 1385 850 1468 fuerit,
873 1382 1089 1472 significando
1106 1387 1178 1451 non'
1195 1385 1245 1450 in·

130 1503 220 1580 teger
239 1496 436 1562 remansisse
458 1494 588 1559 videtur
609 1492 724 1558 titulus
752 1495 821 1576 ille,
845 1495 1006 1580 quidest,
1028 1495 1172 1578 quod'in
1193 1517 1245 1577 eo,
1271 1499 1273 1513 ‘

129 1603 218 1669 utin
244 1604 440 1691 gravissimo
466 1605 554 1668 vitae
576 1603 748 1671 luvenalis
771 1614 870 1686 teste,
893 1628 960 1669 non
983 1604 1245 1689 acquiescamus?

119 1711 240 1799 Ipsum
262 1721 369 1778 autem
395 1713 534 1779 militare
567 1736 685 1780 munus
713 1713 737 1781 J
741 1715 887 1780 uvenalis
916 1716 1033 1780 mirum
1060 1715 1093 1777 in
1116 1714 1247 1779 modum

129 1824 321 1888 auctoritate
354 1823 472 1890 satirae
501 1824 616 1891 tertiae
644 1847 795 1891 versuum
824 1823 991 1888 ela-322
1013 1824 1169 1906 firmatur,
1190 1822 1247 1889 ubi

130 1931 336 1999 Umbriciam
356 1933 436 2026 haec
457 1935 643 2018 loquentem
667 1936 748 2000 facit
767 1947 879 2023 poeta:

415 2066 485 2132 Ergo
499 2049 562 2117 lvale
580 2068 663 2117 nostri
680 2081 786 2125 memor,
804 2073 830 2116 et
849 2069 950 2131 quoties
969 2077 994 2116 te

218 2149 221 2157 ’
282 2159 367 2212 Roma
384 2168 429 2210 tuo
447 2161 520 2210 refici
537 2165 718 2224 properantem
736 2159 827 2209 reddet
844 2159 959 2224 Aquino,

280 2254 324 2302 Me
344 2267 445 2316 quoque
463 2253 498 2300 ad
516 2251 655 2300 Helvinam
672 2249 794 2299 Cererem
810 2258 974 2316 vestramque
991 2253 1107 2303 Dianam

283 2344 413 2393 Converte
432 2358 449 2392 a
466 2342 569 2392 Cumis:
588 2343 727 2413 satirarum
744 2356 802 2406 ego,
820 2344 847 2391 ni
865 2343 946 2405 pudet
963 2345 1037 2406 illas,

285 2437 400 2505 Adjutor
416 2435 517 2501 gelidos
536 2417 645 2485 veniamv
658 2435 785 2500 caligatus
802 2436 830 2485 in
848 2448 933 2502 agros.

135 2549 238 2641 Oujus
260 2552 326 2618 loci
347 2551 412 2618 duo
434 2552 591 2638 postremi
612 2573 726 2618 versus
749 2575 869 2635 novam
890 2553 1175 2640 gratissimamque
1197 2557 1249 2623 lu·

134 2685 204 2729 cem
226 2685 265 2728 ex
284 2659 767 2760 speciosissimaO.Ribbeckii
783 2648 1052 2750 interpretatione
1076 2665 1125 2755 (in
1146 2669 1248 2753 praef.

135 2752 188 2838 cd.¹
208 2773 286 2839 Juv.
308 2796 341 2859 p.
363 2775 404 2858 x)
427 2780 637 2859 acceperunt,
660 2795 724 2857 qua
746 2785 915 2843 assecutus
943 2785 1008 2857 est,
1032 2760 1082 2859 dt,
1104 2775 1139 2841 id
1161 2778 1250 2862 quod

135 2884 264 2948 nemini„
287 2895 363 2949 ante
396 2905 470 2948 eum
504 2883 666 2967 suspicari
692 2883 727 2947 in
753 2892 893 2949 mentem
915 2885 1019 2966 venit,
1052 2884 1250 2971 ”adjutorem

134 2991 327 3080 caligatum'’
354 3015 394 3058 ex
421 3015 529 3059 rerum
560 2991 749 3056 militarium
784 2992 995 3058 similitudine
1028 2993 1150 3059 dictum
1177 3014 1291 3073 esse*x

80 3158 83 3162 .
135 3103 317 3169 rectissime
350 3102 582 3189 explanaverit.
625 3101 711 3167 Nam
746 3103 944 3189 ”adjutorem
976 3079 1127 3188 tribuni’,
1155 3128 1251 3191 quem

136 3212 235 3279 habet
260 3212 363 3278 Inscr.
385 3235 438 3298 ap.
460 3208 563 3277 Orell.
587 3210 685 3294 3462,
712 3211 827 3277 eodem
853 3211 1000 3288 militari,
1010 3236 1143 3282 munere
1169 3216 1252 3283 infe·

136 3323 234 3390 rioris
268 3320 391 3388 ordinis
424 3323 572 3387 functum
606 3343 695 3401 esse,
727 3344 793 3406 quo
815 3323 871 3407 qui
898 3321 998 3410 vulgo
1032 3325 1251 3392 codicillarius

136 3433 259 3500 tribuni
281 3441 417 3500 vocatus
446 3432 504 3513 sit,
533 3429 629 3497 docet
650 3430 898 3515 Marquardtius
921 3433 942 3496 l.
965 3456 992 3498 c.
1015 3457 1046 3520 p.
1070 3435 1147 3501 420.χ
1187 3430 1252 3502 Oa·

137 3543 239 3631 ligata
259 3536 356 3624 vero‚'
377 3550 413 3606 ut
440 3541 646 3607 notissimum
674 3551 738 3624 est,
769 3539 934 3608 hominum
966 3544 1124 3610 tenuioris
1152 3538 1259 3610 sortis

138 3652 193 3720 vel
213 3653 436 3740 gregariorum
458 3651 572 3716 militia
593 3652 780 3733 vocabatur,
806 3674 885 3737 quae
912 3655 1011 3740 vulgo
1034 3656 1120 3718 intra
1142 3662 1253 3718 centu·

139 3764 256 3829 riatum
277 3763 389 3846 desiit,
417 3785 657 3848 nonnumquam
685 3764 725 3827 ad
748 3763 983 3847 praefecturam
1006 3745 1074 3828 alae
1096 3773 1253 3848 provecta

137 3883 198 3940 est.
243 3873 424 3958 Aptissime
447 3873 547 3959 igitur
568 3873 632 3940 hoc
654 3872 847 3938 vocabulum
870 3873 1046 3959 ''adjutori'’
1068 3875 1252 3958 apponitur,

139 4013 342 4027 ...n-—

141 4096 224 4149 netur,
242 4088 377 4152 potuitque
395 4087 474 4140 facile
492 4089 577 4138 omitti
598 4091 624 4138 in
648 4096 764 4138 monstro
782 4089 828 4137 illo
847 4087 1185 4140 OOMTELNATATVM·
1202 4085 1253 4137 Oo-

142 4181 203 4230 hors
220 4183 305 4245 prima
322 4179 504 4231 Dalmatarum
524 4196 600 4245 quum
619 4182 768 4244 saepissime
786 4181 934 4230 nominetur
948 4188 974 4229 et
987 4180 1110 4230 facillime
1128 4179 1203 4229 excid

141 4277 168 4338 1,
186 4277 224 4325 sic
241 4288 319 4324 ausu?
337 4288 392 4323 sum
410 4274 553 4338 supplere.”
588 4275 659 4323 Anu.
676 4273 782 4323 Momm.

242 4375 282 4438 (c.
300 4373 373 4441 s-g
391 4375 422 4426 v,
441 4376 527 4440 raes.)
1175 4361 1198 4402 s
