2722 4658
1156 206 1203 271 43·

121 391 319 457 Antiochiae
341 392 463 485 vixisse
487 390 597 472 itique
619 396 782 455 mortuum
803 390 917 456 funere
939 391 1020 457 satis
1042 392 1152 477 amplo
1173 391 1241 457 ela·

119 510 188 567 tum
210 524 297 584 esse,
319 505 411 588 cujus
440 501 626 586 sepulerum
643 501 749 588 vsimul
777 522 850 566 cum
877 501 975 566 domo
1003 499 1183 585 hortisque,
1210 502 1241 568 si

119 602 302 701 posteriore
324 623 470 698 tempore
493 611 695 694 visebantur,
711 633 810 676 causa
826 613 1155 707 perfacilelexsistere
1176 636 1236 699 po-

120 732 252 790 tuerunt
259 706 438 807 commenti
450 721 601 803 Malelae,
615 730 729 806 utpote
745 723 801 804 qui
817 723 908 787 exilii
919 723 943 790 J
945 723 1091 788 uvenalis
1103 723 1241 810 Aegyp·

120 835 196 902 tiaci
217 842 354 921 propter
375 854 487 899 versus
510 829 660 925 Paridem
683 811 875 899 histrionem
902 832 1093 900 cavillantes
1126 835 1240 900 neseio

121 945 206 1012 unde
218 944 339 1010 certior
354 945 469 1026 factus,
487 943 569 1007 hanc
580 967 648 1009 rem
661 965 734 1008 cum
746 943 864 1010 Paride
876 945 1031 1010 saltatore
1048 944 1081 1009 in
1092 944 1172 1010 urbe
1184 969 1242 1031 pa·

119 1058 183 1121 tria
200 1055 364 1141 quondam
379 1053 542 1120 celebrato
560 1057 772 1142 conjungeret
789 1054 845 1141 (cf.
857 1054 1039 1121 Franckius
1051 1054 1073 1118 l.
1085 1077 1114 1120 o.
1126 1079 1159 1141 p.
1172 1055 1239 1140 39).
1284 1122 1288 1133 ,

120 1166 195 1232 Nec
211 1167 244 1230 in
256 1165 378 1231 Malala
388 1165 493 1253 magis
505 1165 647 1248 quamin
659 1165 779 1230 ceteris
788 1165 951 1248 miremur,
963 1166 1052 1250 quod
1063 1166 1138 1253 ipso
1149 1166 1242 1231 Pari-

122 1277 174 1343 dis
191 1277 318 1342 nomine
334 1277 368 1340 in
385 1298 528 1341 errorem
545 1274 697 1340 inductus
714 1274 754 1340 de
767 1275 958 1340 Domitiano
976 1286 1139 1362 tamquam
1150 1277 1241 1359 exilii

124 1397 255 1452 auctore
273 1387 445 1473 cogitavit3
463 1406 594 1451 causam
611 1383 761 1468 equidem
779 1409 846 1450 non
863 1384 972 1463 video,
994 1406 1051 1451 cur
1072 1388 1183 1472 potius
1205 1389 1241 1453 in

122 1497 184 1562 hac
200 1521 235 1563 rs
252 1496 348 1563 fidem
365 1495 509 1562 Malalae
525 1495 722 1579 tribuamus,
734 1491 830 1580 quarn
842 1513 941 1579 quum
953 1487 1104 1561 Paridem
1122 1498 1253 1565 Antio·-

121 1607 213 1674 chiae
225 1608 397 1695 degentem
414 1615 640 1692 mortuumque
654 1613 898 1688 commemorat,
910 1627 1006 1692 quem
1017 1607 1242 1674 Domitianum

119 1710 243 1783 Romae
262 1741 290 1782 a.
307 1717 348 1780 83
365 1710 495 1802 pstlhr.
513 1716 623 1781 necari
640 1718 781 1803 jussisse
803 1740 857 1784 res
880 1718 1054 1784 notissima
1075 1727 1127 1784 est
1149 1719 1242 1807 (Dio.

121 1821 219 1894 (lass,
227 1825 365 1892 LXVII
377 1828 423 1913 3).
445 1827 481 1897 Si
492 1828 571 1914 quid
582 1828 683 1914 igitur
693 1827 843 1894 utilitatis
855 1851 895 1893 ex
906 1827 1049 1892 Malalae
1058 1827 1251 1914 Suidaeque‘

120 1938 361 2006 narrationibus
394 1961 509 2025 capere
526 1919 707 2020 uolumus,
740 1939 775 2004 id
801 1937 888 2005 hand
921 1940 1018 2005 dubie
1046 1940 1094 2005 eis
1120 1938 1246 2005 finibus

75 2118 82 2126 ⁶
121 2049 422 2137 circumscribamus
451 2042 597 2135 oportet,
619 2058 668 2126 ¹ut
693 2050 814 2116 ibidem
843 2049 921 2114 talia
947 2049 1073 2134 aliquot
1094 2050 1242 2117 veritatis

119 2149 261 2246 vestigia
282 2159 383 2224 latere
405 2170 571 2244 putemus,
593 2161 703 2245 qualia
724 2163 757 2224 in
780 2159 944 2247 plerisque
967 2161 1040 2225 aliis
1067 2160 1146 2227 vitis
1172 2159 1245 2225 erui

121 2269 385 2354 deprehendique
417 2278 568 2351 possunt.
633 2268 808 2360 Testantur
845 2271 920 2335 illae
957 2271 1103 2355 quidem,
1142 2291 1244 2356 quan-
1321 2347 1323 2352 ι

122 2389 235 2462 tepere
258 2375 433 2459 aliquando
461 2377 496 2439 in
524 2399 559 2442 se
586 2375 711 2440 animos
744 2376 912 2442 hominum
945 2380 1142 2444 converterit
1174 2380 1243 2444 exi·

83 2523 85 2527 ·
123 2488 203 2553 lium
223 2487 396 2551 duvenalis
409 2489 446 2574 ¹).

224 2599 388 2664 Hisrvitis
411 2612 497 2664 nunc
522 2598 576 2662 ita
595 2599 755 2683 expositis
784 2607 888 2694 restat
914 2608 952 2663 ut
978 2578 1141 2680 nonnulla*
1161 2599 1242 2683 alia,

121 2732 204 2795 quae
226 2710 260 2774 in
283 2709 330 2775 eis
352 2718 581 2790 memorantur,
603 2718 770 2795 postremo
794 2710 936 2776 breviter
957 2711 1132 2798 attingam.⁴
1163 2709 1243 2775 Huc

121 2819 296 2905 praecipue
318 2821 461 2903 pertinet
474 2821 632 2903 rquaestio
655 2820 695 2885 de
717 2820 792 2884 loco
815 2821 920 2902 exilii,
942 2843 1038 2905 quam
1060 2807 1157 2885 valde
1178 2819 1242 2886 dis·
1314 2850 1317 2855 ·

121 2929 239 2995 ficilem
267 2939 299 3024 et
324 2931 479 2995 incertam
506 2929 614 2994 reddit
646 2918 832 2996 differentia
859 2931 915 2994 illa
944 2929 1023 2996 datis
1050 2930 1243 2995 memorabi-

121 3040 179 3121 lis,
203 3062 284 3124 quoe
307 3042 414 3109 estin
443 3041 520 3107 vitis
554 3043 653 3127 supra
686 3041 809 3122 allatis,
837 3041 922 3104 inter
953 3060 1034 3125 quas
1067 3041 1241 3125 pleraeque

122 3153 327 3240 Aegyptum,
361 3151 443 3217 duae
466 3147 681 3216 Caledoniam
713 3151 843 3218 habent.
886 3151 980 3236 Quae
1006 3149 1080 3214 loca
1103 3151 1132 3216 si
1154 3150 1240 3216 inter

122 3285 157 3328 se
179 3263 269 3329 nullo
291 3263 388 3328 modo
411 3263 565 3348 componi
588 3262 770 3346 socierique
792 3270 944 3346 possent,
971 3260 1161 3327 alterutrum
1183 3243 1241 3326 eli-

121 3398 199 3460 gere
222 3382 318 3459 atque
340 3396 380 3438 ex
401 3374 537 3438 veritate
560 3373 715 3439 traditum
732 3373 849 3437 ducere
871 3393 1006 3438 necesse
1028 3355 1126 3438 esset.
1171 3370 1240 3437 Sed

122 3493 188 3552 tam
210 3485 308 3550 certis
330 3462 512 3548 rationibus
534 3484 706 3567 utriusque
727 3483 793 3548 loci
815 3483 935 3580 mentio
950 3482 1077 3549 firmata
1098 3480 1239 3564 videtur,
1296 3567 1299 3570 Α

197 3756 199 3763 ,
223 3712 248 3771 ¹)·
263 3711 404 3773 Aptissime
422 3711 449 3758 ln
468 3710 537 3759 hanc
555 3725 608 3759 rem
626 3709 742 3772 disputat
759 3707 943 3783 Bernhardyus
960 3709 987 3756 in
1003 3707 1070 3754 Hist.
1085 3705 1148 3754 Litt.
1161 3702 1238 3753 Rom.

123 3804 164 3853 ed.
181 3802 197 3850 3
215 3819 239 3867 p.
258 3804 319 3856 tut:
338 3802 406 3852 ”Die
423 3788 624 3867 Byzantinische
643 3802 782 3851 Tradition
800 3799 836 3856 im
854 3801 959 3850 Artikel
978 3799 1017 3848 bei
1037 3798 1134 3850 Suidas
1152 3797 1238 3859 kann,

122 3913 199 3948 werin
217 3912 277 3947 man
295 3898 336 3949 die
354 3895 496 3946 Romantih
519 3897 566 3946 der
586 3894 797 3963 Mittelgntehen
820 3896 847 3943 in
865 3892 1049 3958 Erzihlungen
1068 3907 1116 3941 aus
1133 3891 1180 3941 der
1197 3893 1239 3942 ni-

122 3994 238 4044 misolren
261 3991 418 4042 Gesohiehte
445 3990 571 4050 bedenkt,
597 3990 671 4038 nicht
697 3988 861 4037 ansreiohen:
889 3988 926 4035 sie
947 3983 1012 4035 lisst
1038 3986 1108 4036 hloss
1130 3970 1254 4035 morlren⁸
1285 4009 1288 4019 ·

122 4088 233 4137 welches
252 4084 370 4136 Aulsehn
388 4086 430 4136 die
449 4083 626 4146 Verbannung
646 4083 694 4130 des
712 4072 836 4132 Dichters
858 4079 911 4128 und
933 4079 976 4128 ihr
996 4079 1093 4129 Anlass
1114 4079 1238 4146 gemacht
1277 4098 1285 4111 ⁴

123 4181 199 4235 habe.
233 4179 298 4231 Man
323 4194 392 4227 muss
418 4178 540 4241 gestehn,
566 4178 609 4225 oin
636 4160 738 4225 solenes
757 4173 876 4224 Autsehn
904 4181 975 4234 passt
998 4173 1077 4224 haum
1096 4189 1128 4223 zu
1145 4171 1226 4224 Domi

121 4277 190 4325 tians
209 4273 370 4341 Regiorung,
388 4289 428 4323 wo
448 4273 509 4321 weit
527 4267 642 4321 atdrkere
662 4269 765 4334 Diogen
784 4265 956 4335 geschaheu.’'
