2722 4658
1043 201 1180 296 ,os

109 395 272 479 equestris
290 385 415 463 ordinis
437 397 606 484 pervenire
623 419 682 464 sua
697 399 817 466 virtute
833 401 1022 481 meruisset,
1036 400 1072 466 in
1087 422 1223 495 promp-

56 556 57 562 κ
106 513 235 579 tuerat
266 505 330 574 tale
362 507 515 594 supplicii
547 530 651 596 genus
684 501 896 593 constituere,
929 510 1018 597 quod
1049 520 1219 597 praeterea

108 615 175 688 levi
202 623 299 701 atque
329 617 467 705 joculari
498 617 618 685 delicto
650 641 710 706 par
736 641 810 689 esse
835 619 1016 688 videbatur.
1058 619 1218 688 Militavit

105 727 204 793 otiam
227 728 354 798 incerto
385 736 532 814 tempore
561 729 597 793 in
624 727 796 800 Britannia
826 732 1012 817 praefectus
1044 731 1174 798 cohorti
1197 729 1217 796 Ι

105 837 344 920 Dalmatarum,
373 837 465 926 quod
486 839 627 906 fortasse
652 839 727 925 ipso
754 839 812 907 illo
839 849 985 927 tempore
1006 840 1128 909 tactum
1149 849 1216 925 est,
1287 840 1290 844 ’

104 968 207 1033 quum,
225 946 260 1012 in
282 946 379 1013 exilio
411 956 604 1014 versaretur.
647 948 820 1023 Postremo
845 951 881 1016 in
900 949 1032 1018 Italiam
1063 973 1214 1020 reversus
1283 1031 1285 1035 .

104 1079 190 1124 anno
212 1057 328 1125 aetatis
350 1078 427 1125 suae
448 1057 550 1125 altero
567 1067 606 1125 'et
626 1060 829 1148 octogesimo
852 1083 869 1126 e
890 1061 959 1128 vita
979 1061 1129 1130 decessit.
1232 1109 1233 1112 ,

626 1317 697 1387 ΠΙ..

204 1434 404 1525 Clarissima
417 1454 575 1541 temporis
591 1460 675 1520 nota
685 1455 720 1520 in
734 1455 860 1542 prima
876 1455 976 1524 satira
991 1457 1110 1525 eminet
1124 1481 1214 1527 men·
1327 1516 1329 1520 .

101 1569 190 1636 tione
210 1567 316 1634 Marii
328 1568 443 1634 'Prisci
464 1591 496 1633 v.
517 1568 654 1631 47-501
666 1566 800 1654 injecta,
821 1591 917 1654 quem
938 1568 1045 1635 ”inani
1068 1569 1213 1656 judicio”

98 1703 128 1746 a.
152 1679 213 1743 100
235 1701 268 1764 p.
291 1673 372 1745 Chr.
393 1677 586 1742 damnatum
610 1677 831 1746 asuescimus
859 1677 965 1767 (Plin.⁴
981 1702 1040 1766 ep..
1053 1664 1096 1744 II'
1109 1681 1156 1751 'll
1179 1688 1213 1746 et
1311 1773 1315 1783 x

101 1789 159 1870 123
179 1787 246 1855 vid.
268 1788 394 1874 Gierig.
417 1785 455 1853 Τ.
477 1786 495 1885 Ιι
521 1809 554 1874 p.
575 1789 682 1874 xxx).
735 1787 810 1872 Quo
842 1789 917 1875 ipso
948 1798 1097 1876 tempore
1127 1788 1212 1856 hanc

101 1899 234 1965 satiram
255 1890 469 1985 compositam
490 1897 543 1964 vel
564 1897 676 1984 potius
698 1898 734 1964 in
755 1919 826 1964 eam
846 1898 1007 1984 formam„
1019 1922 1103 1986 quae
1125 1921 1212 1968 nunc

99 2018 220 2093 exstat,
251 2008 415 2076 redactam
447 2029 520 2076 esse
547 2006 601 2074 vel
629 2006 704 2074 inde
736 2007 879 2096 colligo,¹
901 2010 990 2096 quod
1015 2033 1069 2079 res
1095 2010 1153 2077 illa
1173 2018 1211 2077 ut

96 2142 252 2209 praesens
280 2128 376 2205 atque
409 2128 486 2184 tunc
518 2115 680 2215 omnibus.
696 2126 775 2183 nota
806 2127 1086 2186 commemoratur.
1133 2118 1211 2188 Hoc

98 2233 178 2297 satis
200 2231 345 2295 declarat
365 2248 445 2292 usus
466 2225 653 2311 particulae*
672 2246 781 2311 qaum,
808 2229 868 2294 oui,
882 2229 1059 2295 indicativo
1077 2231 1209 2316 junctae

96 2360 179 2424 pura
208 2335 366 2422 temperis
398 2333 498 2399 notio
524 2331 714 2418 subjicitur,
737 2356 803 2398 non
834 2355 964 2418 causae,
995 2348 1034 2403 ut
1063 2339 1098 2426 in
1124 2347 1210 2405 oete·

96 2449 142 2513 ris
174 2447 272 2534 hujus
310 2444 433 2511 satirae:
458 2441 564 2526 locis,
589 2441 651 2507 ubi.
677 2441 718 2525 de
748 2442 855 2509 rebus
874 2446 941 2532 jam
972 2449 1145 2513 transactis
1176 2457 1210 2515 et
1331 2441 1334 2444 ’

98 2556 238 2644 exempli
260 2576 358 2623 causa
379 2554 426 2622 ad⁴
442 2563 597 2640 tempora.>
604 2551 760 2620 universe
770 2553 961 2624 denotanda
970 2555 1125 2624 adhibitis
1140 2557 1209 2646 agi-

95 2678 157 2734 tur.
201 2663 271 2733 Sed
291 2665 372 2732 haec
393 2656 467 2752 ipsa
482 2661 678 2752 exponendi
692 2664 797 2750 ratio„
809 2687 873 2752 qua
892 2688 945 2732 res
966 2677 1153 2760 praesentes
1174 2678 1208 2735 et
1313 2722 1315 2733 .

94 2777 289 2866 praeteritae
310 2775 359 2856 sio
380 2775 465 2841 inter
487 2794 522 2850 se
544 2773 798 2860 distinguuntur,
830 2774 979 2859 quodam.
1002 2778 1108 2844 modo,
1127 2777 1206 2854 mihi
1314 2856 1316 2858 V

94 2912 155 2976 pro
176 2886 299 2954 indicio
319 2883 472 2953 habenda
490 2902 568 2948 esse
584 2882 730 2965 videtur„
745 2883 818 2950 hoc·
831 2904 966 2967 carmen
984 2908 1059 2953 non..
1073 2909 1137 2954 uno
1159 2897 1207 2954 te·

94 3021 174 3064 nore
196 2994 378 3077 conditum,
400 2993 458 3059 sed
480 2991 634 3077 pluribus.
648 2991 732 3057 loois
754 3000 852 3060 antea¹
868 2993 1030 3061 inchoatis
1057 3017 1095 3061 ac
1117 2996 1207 3063 velut

94 3107 293 3175 adumbratis
330 3114 408 3170 tunc
446 3103 575 3170 demum
606 3105 790 3169 confectum
826 3104 1086 3193 perpolitamque
1117 3128 1206 3190 esse,

94 3241 195 3305 quum
225 3215 397 3285 Juvenalis
431 3236 467 3282 se
496 3215 539 3282 ad
576 3213 698 3280 satiras.
729 3213 855 3300 aliquot
891 3212 1040 3282 edendas
1063 3216 1203 3302 paravit.

93 3329 171 3396 Dioi
192 3325 321 3414 quidem
341 3348 441 3414 posse
462 3317 563 3392 video.
587 3325 694 3410 ipsam
718 3316 835 3390 harum.
857 3345 968 3390 rerum
989 3332 1137 3392 naturam
1157 3325 1205 3391 ita

93 3440 179 3506 ferre
200 3434 368 3517 debuisse,
390 3436 486 3500 etiam
508 3435 537 3501 si
559 3435 669 3501 statim
690 3433 734 3500 ab,
751 3433 849 3500 initio
862 3433 1050 3521 'perscripta
1070 3435 1115 3502 sit
1134 3444 1204 3500 tota
1274 3473 1280 3501 t

93 3547 174 3614 haec
194 3546 319 3634 ecloga.
362 3542 594 3611 Verumtamen
620 3545 806 3612 consideres
833 3543 934 3610 velim
957 3551 1080 3610 ceteras
1107 3553 1202 3614 notas

92 3680 146 3725 res
168 3665 201 3723 et
220 3677 395 3744 personas,
417 3663 551 3739 quarum
571 3656 693 3721 mentio
714 3652 842 3736 incidit,
864 3675 977 3719 omnes
993 3652 1035 3719 ad
1056 3660 1203 3740 tempora
1242 3673 1249 3680 “

93 3768 204 3855 priora
224 3789 325 3854 eaque
351 3765 524 3853 praecipue
550 3764 731 3832 Domitiani
761 3762 974 3862 pertineret),
1000 3784 1077 3848 neo,
1104 3786 1202 3852 quum

193 3991 216 4052 ¹)
232 3990 266 4040 V.
284 3991 329 4040 22:
347 3987 449 4041 Maesta
470 3985 573 4040 Tuscum
583 3987 647 4056 fipnt
666 3996 754 4054 aprum
771 3986 805 4037 ci·
823 3983 898 4036 Suet.
913 3984 993 4035 Dom.
1010 3983 1040 4034 4‘:
1056 3961 1090 4024 —-'
1106 4003 1149 4038 aec
1164 3988 1200 4037 vi-

92 4099 176 4136 rorum
191 4081 262 4134 modo
273 4098 385 4152 prapaes,
401 4081 445 4135 aad
462 4088 486 4134 et
492 4081 660 4148 seminarum
676 4096 700 4130 v.
719 4078 753 4128 24
769 4084 796 4129 et
812 4078 844 4128 25
861 4076 973 4128 fortasse
991 4077 1026 4128 ad
1042 4077 1198 4130 cinnamum

92 4192 135 4242 ap.
146 4176 226 4228 Mart.
241 4176 296 4228 VII
312 4177 346 4226 64
363 4180 493 4242 spectant;
511 4176 543 4227 da
560 4173 682 4239 Crispino
698 4173 744 4223 vid
762 4171 879 4232 Sat-1V3
895 4169 989 4223 Matho
1005 4187 1030 4222 v.
1044 4171 1077 4222 32
1094 4187 1112 4223 a
1127 4173 1200 4224 Mar·
1218 4164 1225 4172 ’

95 4271 158 4322 tiele
170 4348 171 4357 ἵ
183 4270 298 4336 pluribus
322 4270 387 4326 loeis
414 4268 626 4324 commemoratus
643 4265 753 4351 (Iv‘ta,
770 4264 811 4320 v1
828 4264 871 4328 33,
887 4264 944 4319 vn
961 4265 1006 4326 ιο,
1018 4265 1158 4325 amm
1168 4262 1209 4310 ta

1227 4064 1280 4359 l
