2722 4658
1152 171 1198 232 21.

74 406 76 413 -
121 375 184 440 tor,
205 366 377 442 postquam
399 355 592 422 Juvenalern
617 355 816 421 declamandi
829 431 832 436 .
844 356 988 421 studium
1007 355 1164 439 abjecisse
1176 357 1235 447 ¹in·

121 448 255 550 dicavit,
289 492 362 534 eum
395 466 504 550 poesis
543 464 683 530 studium
711 465 860 550 amplecti
890 465 1053 550 coepisse,
1080 446 1140 566 neo
1168 491 1233 533 ma-

120 579 188 667 gis,
210 589 247 643 ut
268 579 375 643 facere
398 584 649 640 consentaneum
670 575 747 656 fuit,
776 576 905 642 brevem
933 578 1021 661 illam
1047 579 1174 643 satiram
1197 579 1231 642 in

120 688 270 754 Paridem
294 688 522 772 compositam,
545 709 609 770 qua
626 689 811 786 conscripta
832 695 929 772 poeta
946 689 1039 763 initia
1062 676 1232 757 satirarum

95 827 97 835 s
120 789 425 864 conscribendarum
443 795 526 860 haud
544 795 641 861 dubie
657 799 781 881 posuit,
799 798 861 862 hoc
878 798 951 863 loco
963 818 1232 863 commemorave-

120 909 171 973 rit.
216 910 269 972 Ac
291 907 431 991 scriptor
453 906 539 970 vitae
556 904 606 985 ΙΙ,
630 907 691 971 etsi
711 929 775 971 non
793 906 966 989 intellexit,
979 928 1135 990 quorsum
1150 907 1232 972 haec

85 1054 87 1060 ·
119 1017 220 1083 verba
246 1039 320 1081 vere
352 1015 536 1097 tenderent,
569 1025 674 1080 tamen
693 1013 740 1081 ‘ea
767 1016 807 1080 ad
834 1017 960 1080 initium
993 1016 1135 1081 carmina
1156 1037 1232 1109 con·

120 1127 217 1193 dendi
240 1136 384 1211 spectare
407 1124 504 1207 vidit,
531 1145 595 1207 qua
622 1125 661 1190 de
689 1147 787 1190 causa
809 1125 856 1190 sic
878 1125 1046 1200 emendare
1069 1135 1102 1190 et
1122 1106 1231 1217 expla-

117 1260 197 1307 nare
219 1225 353 1302 coriatus
382 1246 445 1302 est:
480 1235 594 1300 deinde
622 1237 664 1300 ad
686 1238 827 1322 poetices
850 1235 1043 1320 (studiuml)
1067 1257 1098 1300 ae
1126 1239 1232 1330 appli-

122 1349 220 1426 cacit,
244 1359 272 1410 ct
291 1359 461 1432 postquam
487 1348 545 1411 dic
572 1349 688 1426 tacuit,
720 1349 869 1412 uberiori
896 1349 1049 1410 citiorum
1072 1347 1143 1432 jam
1169 1346 1231 1432 pli-

121 1469 222 1522 scectc
245 1451 434 1542 contupioc'c
457 1458 495 1522 ab
519 1458 746 1541 iadipuatioue
768 1459 910 1541 incepit:
935 1458 1075 1541 ”semper
1097 1478 1152 1544 epo
1176 1480 1232 1520 aa·

119 1568 207 1633 ditor
239 1568 398 1652 tantum?
443 1565 507 1633 Sed
541 1588 639 1650 quum
672 1567 817 1652 ineptum
850 1567 931 1631 illud
964 1566 1230 1655 additamentum,
1323 1641 1328 1648 Ι

118 1678 207 1761 quod
229 1675 329 1741 habet
354 1676 423 1741 vita
444 1699 496 1760 ap.
520 1672 683 1766 Oram·,a
706 1678 809 1743 sciolo
833 1677 986 1761 quodam,
1009 1678 1065 1763 qui
1087 1657 1232 1762 comper·

116 1795 186 1852 tum
214 1810 280 1850 non
307 1785 419 1850 habuit
445 1787 581 1871 primam
609 1790 739 1853 satiram
766 1796 844 1879 post
870 1787 979 1873 plures
1007 1787 1087 1853 alias
1114 1810 1231 1872 prooe-

118 1897 174 1960 mii
214 1894 286 1961 loco
324 1898 540 1982 conscriptam
580 1919 667 1993 esse,
712 1895 918 1963 inculcatum
952 1898 1119 1980 retineret,
1162 1921 1230 1963 rem

100 2008 215 2072 'etiam
248 2004 348 2071 multo
380 2009 523 2091 pejorem
556 2007 707 2073 reddidit.
761 2008 850 2092 Quid
883 2009 969 2072 enirn
1002 2007 1145 2093 ineptius
1172 2008 1230 2071 mi·
1338 2019 1340 2022 ⁴

117 2137 220 2182 nusve
253 2117 411 2182 concinne
444 2117 507 2180 dici
535 2127 660 2202 potest,
690 2120 841 2201 quamsi
870 2120 943 2202 quis
978 2119 1019 2183 ad
1050 2118 1167 2204 poesin
1195 2140 1230 2185 se

118 2228 316 2312 applicasse,
349 2225 465 2313 deipde
493 2226 548 2289 diu
581 2229 723 2290 tacuisse
750 2249 787 2290 ac
813 2236 893 2293 tuno
927 2228 1054 2310 demum
1088 2228 1229 2292 carmina
1338 2292 1339 2298 χ

58 2345 61 2355 f
119 2335 282 2402 scribendi
303 2334 571 2425 i'nitiumrfecisse
594 2335 732 2399 dicitur?
764 2335 853 2400 Num
874 2335 954 2400 illud
977 2337 1021 2400 ad
1038 2338 1177 2420 poetices
1199 2358 1230 2400 ac
1288 2381 1291 2389 ,

71 2518 75 2526 ἱ
119 2446 298 2531 applicavit
319 2443 371 2508 hic
394 2443 481 2507 aliud
504 2443 686 2529 significare
714 2453 825 2529 potest
851 2446 945 2530 atque
973 2448 1132 2512 ”carmina
1154 2468 1231 2512 con-

119 2548 195 2649 de're
228 2554 364 2640 coepit’',
398 2563 431 2617 et
462 2575 618 2636 quaenam
652 2557 742 2620 notio
776 2555 876 2620 verbo
903 2557 1037 2621 tacendi
1064 2556 1128 2621 hoc
1155 2555 1228 2621 loco

119 2666 235 2752 subjici
256 2662 367 2750 potest
389 2664 452 2729 nisi
474 2687 540 2730 non
564 2665 746 2730 scribendi?
773 2665 845 2731 Nec
867 2667 908 2731 ad
926 2656 1119 2752 'verba'illa,
1147 2656 1229 2751 quae

118 2776 217 2840 vitam
240 2795 368 2858 quoque
392 2795 442 2858 ap.
466 2768 587 2856 Oram,
609 2775 693 2839 un'de
715 2774 800 2840 haud
817 2774 912 2868 dubie
935 2776 998 2840 huc
1019 2754 1228 2860 irrepserunt,

118 2886 281 2970 posterius
314 2883 425 2948 addita
456 2883 574 2949 habere
608 2885 761 2967 diximus,
794 2887 972 2952 incusanda
998 2886 1109 2972 fugere
1137 2887 1230 2966 licet,

119 3007 280 3078 tamquam
304 2995 332 3059 si
358 3002 427 3057 tota
453 2994 528 3058 inde
556 2995 734 3059 manaverit
762 2993 949 3059 difficultas.
991 2993 1078 3058 Nam
1105 2997 1133 3060 si
1155 2996 1238 3082 quis,

121 3128 158 3171 ea
185 3104 257 3170 tolli
285 3105 436 3189 jusserit,
469 3083 692 3169 difficulatem
725 3127 791 3169 non
823 3104 926 3168 tonet.
969 3105 1097 3170 sanim
1131 3128 1229 3190 quum

96 3293 97 3296 Ἴ
119 3217 206 3282 vitae
229 3214 444 3280 narrationem
467 3213 514 3278 sic
536 3200 741 3298 persequitur
763 3193 913 3299 scriptor,
935 3223 972 3279 ut
993 3217 1092 3281 verba
1114 3216 1229 3282 vitaeI
1253 3283 1258 3296 1

119 3350 222 3414 paene
250 3323 357 3389 verbis
385 3323 527 3388 referens
553 3320 747 3389 iuvenalem
772 3332 849 3408 post
874 3306 1050 3409 paucorum
1077 3349 1229 3393 versuum

120 3429 252 3503 satiram
275 3435 308 3500 in
329 3433 481 3527 'Paridem
504 3420 715 3520 compositam
742 3435 822 3499 ”hoc
848 3458 951 3521 genus
980 3439 1160 3524 scripturae
1181 3439 1230 3503 in-

120 3547 242 3613 dustrie
265 3543 447 3634 excoluisse
470 3555 502 3607 et
522 3554 629 3608 tamen
651 3544 705 3609 diu
735 3567 774 3608 ne
801 3546 930 3611 modico
953 3547 1082 3633 quidam
1104 3547 1229 3611 audito-

121 3659 169 3723 rio
202 3657 374 3741 quicquam
407 3654 605 3718 committere
638 3676 750 3720 ausum
783 3655 873 3720 esse”
908 3656 1028 3739 tradat,
1062 3657 1134 3738 quis
1163 3664 1227 3732 est,

120 3766 176 3851 qui
199 3788 263 3859 non
286 3760 405 3830 sentiat
432 3762 568 3828 eandem
593 3785 675 3844 rem,
702 3785 796 3849 quam
822 3764 933 3850 paullo
954 3773 1034 3839 ,ante
1062 3765 1229 3852 attigerat,

120 3875 298 3943 iterumab
319 3871 504 3979 eolrepeti?
526 3872 643 3957 Neque
665 3873 750 3938 enim
771 3873 839 3954 ullo
862 3876 926 3940 alio
948 3875 1046 3940 modo
1069 3877 1230 3943 sentent'a

104 3985 275 4071 ,quaedam
299 4007 377 4049 sana
397 3992 431 4048 et
452 3982 537 4047 haud
558 3984 669 4069 inepta
690 4006 707 4047 e
729 3984 828 4050 verbo
857 3983 984 4048 tacendi
1006 3983 1081 4049 elici
1108 3901 1291 4327 Γ

121 4098 183 4162 nisi
207 4095 235 4162 si
259 4095 429 4160 statuimus
452 4116 543 4176 eum,
568 4094 623 4178 qui
651 4093 712 4159 hoc
739 4095 872 4163 verbum
900 4095 1085 4181 primosus

122 4205 230 4271 dicere
257 4203 401 4271 voluisse
423 4205 615 4270 «Iuvenalem
648 4204 736 4289 prius
770 4186 868 4270 multa
901 4206 1108 4292 scriptitasse
