2722 4658
224 184 264 257 'lb

183 369 315 461 (Epll
338 366 719 456 12,v16)⁴pr0fitetur
744 370 902 455 cujusque
926 367 1048 435 mentio
1075 363 1152 435 buic
1178 367 1307 452 episto«

182 480 423 567 laeaptissimo
445 480 546 551 inseri
567 480 685 567 potuit.
728 477 844 562 Itaque
865 476 1038 545 concidere
1059 475 1179 544 debere
1199 478 1309 544 muni-

183 592 304 658 festum
328 599 380 657 est
405 588 671 662 ratiocinationes
697 588 862 655 Dodwelli
890 587 1024 677 (Annul.
1045 587 1160 672 Quint.
1182 610 1217 674 p.
1241 588 1304 653 138

190 702 265 789 sq.),
298 701 416 789 quibus
450 700 565 772 statuit
590 698 749 765 rhetorem
778 697 878 762 filiam
904 719 946 764 ex
966 697 1069 764 altero
1090 698 1304 777 matrimonio

188 812 362 883 sustulisse
394 819 490 898 atque
523 808 575 877 bis
607 809 704 874 etiam
731 806 934 893 temporibus
961 829 1139 895 pauperem
1163 807 1206 873 ub
1232 807 1307 874 Hu-

184 921 299 988 drieno
332 921 463 987 tandem
496 919 584 985 circa
615 940 689 999 ann.
714 917 774 982 118
807 927 995 984 ornamenta
1027 916 1085 983 illa
1114 917 1307 991 consularia

184 1031 360 1119 accepisse·
392 1029 446 1095 Ac
466 1051 507 1095 ne
529 1027 610 1094 illud
632 1025 762 1116 quidem
778 1036 903 1094 certum
924 1036 991 1112 ost,
1013 1029 1090 1095 num
1111 1028 1215 1095 vitam
1233 1037 1305 1095 tam

132 1228 134 1233 7
182 1142 282 1230 longe
303 1138 510 1226 produxerit3
531 1148 645 1206 contra
666 1137 768 1203 multo
784 1137 987 1225 probabilius
1003 1138 1134 1205 videtur
1148 1161 1225 1205 eum
1236 1141 1305 1225 jam

78 4162 167 4386 λ

184 1263 254 1323 turn
273 1258 438 1316 mortuum
459 1249 578 1332 fuisse,
605 1270 704 1336 quum
724 1246 896 1315 Juvenolis
925 1272 1042 1315 nomen
1070 1251 1142 1334 ejus
1163 1272 1227 1336 pro
1251 1270 1304 1316 ou·

179 1361 317 1448 juslibet
337 1359 504 1444 aduocati,
531 1358 690 1443 rhetoris,
718 1358 808 1425 docti
834 1358 898 1427 viri
924 1381 1081 1446 usurpare
1102 1361 1217 1447 coepit
1238 1359 1303 1448 (VI

185 1474 239 1556 lb,
262 1472 334 1557 280,
355 1467 426 1536 VII
449 1470 537 1556 186).
580 1468 690 1556 Hujus
712 1469 760 1536 rei
782 1477 949 1537 auctorem
969 1470 1097 1556 reperio
1121 1466 1162 1538 O.
1181 1469 1224 1538 L.
1239 1471 1305 1539 Ro-

183 1581 287 1648 thium
308 1583 343 1648 in
363 1582 467 1668 praef.
489 1581 540 1647 ed.
561 1578 652 1649 Suet.
674 1603 708 1666 p.
729 1594 876 1662 nxxm,
904 1580 960 1666 qui
982 1580 1153 1647 contendit
1174 1581 1307 1668 Quinti·

184 1694 307 1760 lienum
331 1697 398 1781 jam
425 1692 479 1759 uel
500 1690 692 1759 Domitiano
714 1690 768 1756 vel
789 1689 902 1756 Nerva
929 1690 1108 1777 imperante
1136 1691 1207 1758 fato
1227 1713 1307 1760 eon·

183 1804 334 1876 cessisse.
377 1799 503 1867 Nescio
535 1800 699 1887 equidem,
727 1799 814 1867 unde
841 1801 876 1867 id
909 1810 1111 1889 compertum
1142 1802 1305 1887 proferat,

183 1911 353 1999 probabile
380 1918 501 1981 tamen
515 1908 620 1976 habeo
642 1932 684 1976 ex
708 1909 791 1977 locis
814 1910 881 1977 illis
903 1910 1146 1997 Juvenalianis,
1170 1913 1229 1981 ubi
1249 1937 1308 1983 no·

183 2046 257 2093 men
290 2021 487 2108 Quintiliani
518 2044 579 2108 pro
615 2021 778 2089 communi
804 2021 944 2109 quodum
977 2024 1126 2111 exemplo
1159 2025 1312 2112 ponitur.v

183 2134 358 2204 Postremo
379 2133 453 2219 quis
481 2155 548 2200 non
574 2132 666 2198 videt
691 2139 811 2199 totum.
829 2133 987 2220 septimae
1014 2135 1132 2203 satirae
1160 2136 1311 2209 colorem.

185 2252 263 2315 utu
284 2242 497 2330 sequentibus
519 2242 595 2310 inde
618 2265 637 2308 a
657 2242 798 2329 decima,
831 2265 912 2329 quas
932 2244 1001 2311 sub
1029 2243 1204 2313 Hadriano
1229 2267 1308 2321 con·

185 2354 326 2444 scriptus
348 2376 423 2422 esse
444 2355 541 2421 certis
558 2353 689 2422 indiciis
706 2352 930 2422 demonstrare
951 2355 1043 2439 licet,
1064 2354 1160 2422 vuldo
1183 2355 1308 2427 discre-

184 2488 277 2552 pare,
299 2466 346 2530 ita
371 2465 414 2533 ad
442 2465 586 2532 indolem
614 2465 760 2550 priorum
781 2466 929 2552 proxime
962 2465 1117 2532 accedere
1138 2467 1200 2553 (of.
1221 2466 1308 2535 Her·

183 2597 290 2640 mann.
297 2575 324 2639 l.
336 2596 364 2639 c.
375 2598 409 2660 p.
421 2574 498 2660 19)?
519 2574 560 2640 In
573 2573 691 2660 quibus
704 2596 804 2657 quum
814 2571 906 2641 nulla
921 2575 1041 2643 certior
1056 2577 1218 2663 temporis
1227 2588 1307 2645 nota

184 2704 304 2748 annum
327 2680 388 2747 103
411 2681 606 2769 egrediatur,
622 2680 703 2778 baec
724 2684 835 2749 statim
850 2691 928 2770 post
949 2684 1003 2751 vel
1019 2687 1160 2753 fortusse
1183 2689 1306 2756 rectius

184 2791 300 2861 eodem
315 2800 472 2879 tempore,
489 2813 554 2876 quo
570 2792 697 2879 priores
713 2802 906 2860 retractatae
923 2803 1008 2878 sunt,
1025 2796 1158 2863 condita
1180 2801 1307 2882 quomi-

183 2925 245 2970 nus
267 2901 424 2970 habeatur
445 2901 528 2969 nihil
550 2912 617 2987 est,
639 2904 729 2989 quod
750 2904 917 2992 impediat.
954 2905 1031 2971 Huc
1047 2906 1130 2979 duae
1145 2907 1305 2997 imprimis

184 3034 302 3088 causae
323 3014 499 3097 accedunt,
520 3036 608 3101 quae,
624 3037 687 3082 nos
705 3015 754 3083 sio
770 3015 811 3082 de
827 3015 1055 3082 conscribendi
1071 3026 1221 3105 tempore
1236 3042 1306 3087 mo·

183 3126 272 3193 nitos
294 3127 330 3190 in
356 3124 418 3192 hac
446 3125 607 3199 sententio
638 3126 737 3193 etiam
754 3128 867 3215 ‚magis
899 3127 1027 3195 firmare
1054 3127 1191 3201 debent,
1235 3109 1311 3199 Pri-i

186 3258 273 3302 mum
295 3235 380 3299 enim
401 3236 574 3304 Juvenalis
607 3237 725 3303 satiras
753 3257 829 3303 suas
857 3238 893 3302 in
920 3259 992 3305 eum
1020 3238 1167 3307 ordinem
1195 3243 1303 3331 diges-

184 3348 269 3416 sisse
296 3344 436 3430 uidetur‚
467 3371 533 3434 qno
566 3369 621 3413 eas
655 3346 812 3428 absolvit,
839 3369 937 3434 quare
964 3350 1061 3415 etiam
1093 3352 1195 3419 satira
1226 3362 1305 3420 tem·

184 3481 264 3546 pore
291 3458 397 3543 prima
429 3458 606 3525 secundum
638 3457 747 3527 locum
773 3456 900 3524 obtinet
930 3467 1010 3544 post
1039 3461 1196 3546 primam,
1219 3485 1305 3548 ⁴quae

184 3568 266 3635 nihil
289 3567 379 3634 uliud
393 3576 461 3648 est,
477 3567 541 3634 nisi
558 3568 733 3635 voluminis
750 3569 920 3653 praefatio.
946 3570 1075 3636 Deinde
1093 3573 1234 3657 septima
1254 3596 1303 3641 aa·

186 3679 250 3745 tira
270 3678 349 3744 novi
371 3675 496 3761 aliquid
518 3677 628 3763 affert,
650 3685 687 3743 ut
708 3678 750 3744 ad
771 3699 842 3743 eam
859 3681 926 3765 jam
944 3703 1010 3745 non
1025 3681 1200 3767 pertineat,
1216 3682 1304 3771 quod

186 3787 226 3853 de
242 3788 378 3853 mortuis
390 3795 517 3852 tantum
528 3809 547 3852 a
557 3809 593 3854 so
607 3789 868 3878 perstringendis
878 3790 912 3854 in
925 3791 1030 3876 prima
1040 3791 1185 3876 loquitur
1195 3803 1302 3881 poeta.

186 3895 253 3962 Hic
269 3898 359 3970 enim
372 3897 437 3970 sibi
453 3920 522 3964 rom
537 3918 611 3965 cum
626 3899 790 3985 praesenti
806 3907 952 3987 tempore
964 3923 1036 3968 esse
1049 3911 1160 3988 aperte
1172 3904 1304 3970 confite·

187 4014 241 4072 tur
258 4014 391 4092 statum,
408 4008 514 4094 qualis
530 4009 566 4074 in
581 4009 666 4074 benc
682 4019 819 4078 oetatem
838 4033 855 4077 e
871 4012 981 4097 priore
993 4009 1201 4097 redundaret,
1218 4014 1303 4080 litte·

187 4137 296 4183 rarum
317 4137 463 4203 carpens.
505 4119 863 4208 Fundamentisigitur
889 4120 1093 4206 superiorum
1115 4125 1300 4208 catharum,

189 4246 271 4311 quae
292 4248 441 4316 magnam
462 4238 587 4316 partem
609 4231 677 4317 jam
704 4230 765 4298 sub
792 4231 982 4300 Domitiano
1007 4233 1095 4326 jacta
1120 4253 1195 4302 esre
1222 4233 1307 4303 vidi--
