2722 4658
185 175 225 237 26

226 358 322 433 istius
337 358 360 444 ¹)
384 348 587 442 imperatoris
609 364 756 442 tempora
776 366 932 426 notasset.
965 357 1020 426 Sia
1042 360 1183 425 obtentu
1202 324 1288 424 miss

227 467 314 543 litiae
336 465 450 553 pulsus
474 476 524 537 est
545 466 632 535 urbe.
676 467 727 533 Ita
749 468 883 535 tristitia
904 479 937 535 et
959 492 1080 556 angore
1102 469 1226 553 periit

143 605 217 669 Hae
239 626 292 669 res
319 588 429 689 igitir,
462 624 544 686 quae
571 604 604 667 in
632 605 700 668 vita
720 600 787 664 l'
762 625 809 669 src
837 605 986 669 restituta
1018 604 1185 690 leguntur,
1215 605 1265 671 ita

131 695 348 800 ¹comparatae
380 714 458 779 mihi
491 713 651 794 videntur,
683 724 719 776 ut
751 712 832 778 nihil
864 715 921 795 sit,
955 713 1042 799 quod
1074 713 1122 777 eis
1157 714 1263 780 fidem

143 825 346 910 abrogemus.
405 822 496 905 Quae
529 823 679 889 continua
707 825 791 889 vitae
830 824 1006 909 descriptio
1039 824 1183 888 iorsita'n
1221 826 1263 891 ad

142 935 278 1021 primam
301 933 432 1000 satiram
459 943 601 1019 tempore
630 935 710 1000 satis
738 936 870 1020 antiquo
899 943 1051 998 annotata
1072 933 1177 998 fuisse
1204 935 1263 1001 ha·

108 1036 116 1067 ²
143 1047 248 1112 banda
271 1045 323 1110 sit.
367 1044 457 1127 Quae
483 1054 649 1130 praeterea
671 1045 710 1110 de
738 1046 875 1132 singulis
903 1044 987 1109 vitae
1009 1043 1184 1109 «luvenalis
1210 1070 1262 1113 ra·

136 1156 286 1222 'tionibus
314 1157 444 1243 cognita
471 1155 639 1234 habemus,
666 1164 699 1219 et
726 1156 809 1221 inter
837 1178 872 1221 se
899 1164 932 1219 et
959 1178 977 1218 a
1004 1155 1139 1239 reliquis
1163 1177 1262 1244 aepa-
1291 1216 1294 1225 ,

142 1268 237 1332 ratim
258 1267 430 1333 memoriae
452 1265 600 1330 alicubi
592 1287 625 1329 nr
652 1267 889 1331 commentariis
918 1264 1048 1351 prodita
1074 1267 1179 1332 fuisse
1205 1269 1260 1334 da-

142 1376 328 1479 monstravi.
372 1373 448 1439 Huc
469 1375 632 1460 pertinent
654 1375 710 1440 illa
732 1375 924 1442 Juvenalem
939 1387 1016 1460 poet
1039 1378 1175 1440 acilium
1193 1379 1259 1444 Ro·

141 1511 225 1552 mam
246 1509 407 1552 reversum
429 1507 492 1550 asae
514 1495 608 1572 atque
631 1504 714 1549 anno
741 1489 858 1550 aetates
885 1508 959 1551 auae
981 1478 1104 1550 attero
1110 1499 1143 1552 at
1171 1502 1260 1554 octo·

140 1600 258 1684 perimo
280 1609 450 1661 mortuam
493 1595 528 1664 Si
555 1619 637 1681 quae
665 1595 729 1661 alia
755 1595 818 1661 lide
845 1594 943 1684 digna
971 1597 1193 1680 invenientur,
1223 1622 1261 1665 sa

140 1709 256 1782 ceteris
279 1708 372 1790 vitis,
394 1729 475 1792 quae
498 1706 583 1772 haud
604 1728 726 1791 paucae
748 1716 886 1789 restant,
914 1706 1051 1792 prolatis
1073 1706 1262 1791 deprehen-

139 1820 216 1883 dere
237 1818 358 1882 licebit.
402 1803 494 1880 Tunc
521 1836 648 1900 quoque
666 1816 883 1902 intelligetur,
903 1839 1021 1883 ,verum
1048 1805 1137 1909 asse,
1168 1821 1261 1905 quod

140 1927 414 2013 supradiximus,
438 1924 518 1989 nihil
540 1926 619 1989 certi
642 1924 682 1989 de
709 1924 916 2010 imperatore,
943 1928 1000 2013 qui
1027 1926 1116 1992 exilii
1140 1940 1262 1997 auctor

46 2108 50 2113 ,
141 2039 253 2120 fuerit,
272 2041 339 2124 jam
361 2037 435 2102 inde
458 2036 635 2121 antiquitus
657 2038 811 2102 traditum
833 2017 919 2118 essa,
943 2038 1001 2103 sed
1024 2040 1149 2122 omnia,
1177 2065 1261 2128 quae

138 2152 172 2215 in
204 2150 281 2215 vitis
314 2148 503 2228 afferuntur,
536 2147 665 2212 nomina
692 2170 711 2210 a
736 2147 973 2232 posterioribus
1005 2171 1045 2212 ex
1077 2151 1263 2220 ratiocina-

138 2260 281 2326 tionibus
304 2281 416 2324 eorum
438 2256 555 2322 addita.

672 2461 715 2527 Il.

238 2618 324 2682 Mihi
357 2637 442 2679 nunc
475 2613 516 2677 ad
544 2615 684 2698 reliquas
712 2615 796 2682 vitas
818 2618 1029 2700 proferendas
1052 2642 1260 2709 aggressum

137 2728 313 2814 praecipua
334 2724 534 2810 quaestionis
557 2745 632 2808 pars
655 2725 688 2788 in
712 2723 771 2791 hac
793 2726 865 2810 ipsa
886 2750 921 2791 rs
943 2728 983 2792 de
1005 2730 1094 2794 exilii
1118 2745 1259 2803 auctore

136 2835 305 2924 probanda
326 2834 448 2900 versari
471 2831 588 2898 debere
609 2834 748 2899 videtur.
791 2835 882 2901 Nam
898 2837 1073 2923 quidquam
1087 2845 1170 2908 novi
1188 2869 1258 2912 ma-

133 2949 216 3038 joris
239 2946 409 3034 ponderis,
432 2953 566 3030 excepto
590 2946 662 3010 loco
691 2946 794 3028 exilii,
821 2947 948 3030 dequo
976 2951 1059 3014 iufra
1086 2950 1255 3023 disseren-

136 3042 212 3126 dum
234 3059 430 3140 erit,1neque
447 3055 506 3120 hae
525 3057 608 3120 vitae
632 3079 735 3140 neque
759 3058 884 3145 scholia
900 3069 1024 3141 vetera,
1047 3083 1129 3144 quae
1153 3064 1254 3132 hodie

136 3177 279 3249 exstant,
301 3151 511 3255 praebebunt,
555 3166 664 3251 Atque
687 3175 723 3229 ut
744 3170 856 3234 miram
871 3170 965 3236 illam
987 3173 1020 3235 in
1036 3174 1169 3240 nomine
1193 3179 1254 3242 im·

135 3278 311 3365 paraturis,
339 3301 358 3340 a
384 3300 448 3361 quo
475 3278 509 3341 in
537 3275 669 3345 exilium
701 3278 820 3345 missus
856 3282 899 3347 sit
919 3280 1103 3382 duvenalis,
1125 3291 1252 3354 consti·

139 3389 259 3454 tuendo
299 3385 563 3475 discrepantiam,
596 3408 677 3470 quae
709 3391 776 3474 jam·
806 3412 864 3475 per
896 3415 930 3456 se
957 3393 1029 3476 ipsa
1054 3395 1153 3460 talem
1182 3422 1250 3464 non

134 3521 264 3564 movere
287 3498 401 3579 nequit
423 3497 656 3583 suspicionem,
684 3500 842 3579 omittam,
855 3500 856 3503 ’
871 3524 997 3566 omnem
1023 3505 1249 3593 imperatoris,

65 3672 67 3677 ,
135 3611 284 3693 quisquis
307 3610 382 3687 erit,
406 3609 651 3674 mentiouemt
626 3595 671 3673 ita
693 3613 810 3676 factam
832 3634 902 3678 esse
911 3615 1112 3700 apparebit,
1135 3627 1172 3682 ut
1188 3643 1248 3685 no·

134 3742 206 3784 men
229 3722 298 3805 ejus
326 3718 490 3804 posterius
517 3743 557 3784 ox
584 3722 769 3806 conjectura
800 3746 871 3788 esse
904 3726 1048 3812 positum
1078 3739 1168 3794 recte
1204 3732 1249 3798 sit

134 3810 363 3916 colligendum.
407 3828 580 3897 Praeterea
607 3833 752 3915 accedet,
778 3844 814 3898 ut
840 3834 1020 3922 pleraeque,
1049 3857 1129 3919 quas
1158 3863 1247 3908 nunc

149 4034 151 4043 '
236 4046 258 4115 ¹)
274 4045 403 4094 Incertum
430 4045 487 4096 eise
515 4048 623 4110 videtur,
651 4053 780 4115 quomodo
802 4053 827 4099 h.
849 4054 867 4102 Ι.
892 4054 1121 4116 scriptumfuarit.
1138 4060 1166 4109 in
1186 4065 1247 4112 cod.

156 4137 438 4209 ram.Exhibeter1im
459 4140 520 4209 ipsi,
547 4145 616 4207 quod
639 4146 678 4192 val
704 4147 865 4211 negliganter
886 4162 931 4210 pro
952 4147 1034 4208 istius,
1057 4156 1084 4197 ut
1102 4152 1200 4216 legitur
1218 4159 1246 4207 in

34 4138 240 4402 qm,
257 4233 297 4282 vel
315 4249 359 4297 per
377 4237 556 4299 compendium
574 4253 620 4300 pro
638 4238 715 4305 ipaim
732 4241 855 4305 scriptum
871 4253 927 4288 essa
947 4241 1055 4293 videtur.

34 4361 80 4402 n
902 4352 906 4363 ,
