2722 4658
1155 224 1195 291 53

123 393 202 498 tem,
225 423 331 480 tamen
358 415 464 511 ipsam
497 408 689 478 sententiam
717 416 804 499 ejus,
833 433 916 497 quae
941 407 1091 500 exemplo
1114 413 1236 500 Taciti,

122 550 216 612 quem
239 527 361 594 eisdem
390 526 456 590 fere
488 522 690 608 temporibus
723 523 825 594 nullis
854 523 927 590 aliis
961 526 1100 591 fortasse
1127 528 1235 592 causis

121 645 301 724 permotum
324 636 460 702 Romam
482 633 651 716 reliquisse
668 642 779 699 notum
795 615 859 716 est,
877 634 1018 718 quodam
1034 637 1130 701 modo
1149 659 1236 701 com-

117 749 301 828 mendatur,
320 744 410 809 haud
433 743 586 809 absonam
608 766 689 810 esse·
704 743 852 809 arbitror.
880 743 947 812 sed
963 745 1139 829 quidquam
1156 742 1236 813 certi

122 854 1236 942 mmmmmmmmmmmmmffimmd

123 990 222 1051 supra
250 965 290 1031 de
312 965 479 1030 ‘mentione
507 966 778 1053 peregrinationis
801 964 1026 1053 Aegyptiacae
1056 967 1125 1032 sine
1149 968 1250 1031 omni·

118 1081 209 1165 justa
230 1097 328 1142 causa
349 1077 469 1143 omissa
490 1074 573 1157 dixi,
596 1077 710 1141 cadere
734 1084 876 1161 apparet.
909 1075 1024 1160 Itaque
1041 1075 1143 1141 multo
1161 1099 1236 1162 pro·
1285 1098 1289 1103 ’

124 1185 261 1252 habilius
285 1209 324 1252 ex
345 1209 416 1251 mea
439 1187 600 1251 sententia
622 1185 852 1273 conjungenda
874 1195 924 1251 est
945 1185 1076 1254 Scotioa
1099 1182 1155 1251 illa
1177 1186 1237 1252 Ju-

122 1295 247 1362 venalis
269 1297 383 1361 militia
405 1317 478 1360 cum
505 1296 578 1382 ipsa
609 1297 824 1384 relegatione,
853 1296 937 1378 sive,
964 1298 1154 1382 priusquam
1184 1319 1237 1362 co·

122 1406 210 1472 horti
231 1405 249 1470 Ι
269 1407 493 1472 Delmatarum
514 1406 699 1493 praefectus
719 1416 792 1490 est,
820 1406 876 1471 alii
904 1406 1031 1471 cuidam
1053 1406 1181 1473 cohorti
1202 1408 1236 1472 in

122 1514 1237 1604 Afflmmwmffimmfflmmfflwm

121 1628 205 1693 nime
232 1635 362 1712 praeter
385 1625 652 1691 consuetudinem
676 1627 797 1690 factum
818 1647 892 1691 esse
914 1634 1021 1691 statuo
1036 1626 1073 1712 ¹),
1096 1627 1168 1692 aliis
1191 1626 1238 1690 lo-

120 1739 167 1803 cis
192 1739 365 1803 stationem
388 1734 509 1800 habuit.

223 1845 361 1930 Quando
385 1868 452 1911 rem
475 1844 630 1912 hactenus
653 1845 805 1931 perduxi,
828 1846 925 1930 prius
943 1849 1082 1913 forsitan
1104 1869 1237 1913 necesse

123 1959 175 2038 sit,
198 1956 276 2042 quid
299 1955 465 2040 superiore
487 1955 707 2041 disputatione
729 1978 801 2021 mea
817 1965 987 2022 assecutus
1004 1981 1077 2023 esse
1093 1957 1173 2022 mihi
1190 1959 1237 2022 vi-

121 2067 208 2149 dear,
231 2066 375 2132 breviter
402 2065 592 2150 complecti,
622 2087 718 2148 quam
746 2065 787 2129 ad
821 2066 894 2150 ipsa
914 2064 1086 2131 Juvenalis
1106 2064 1238 2153 'scripta

119 2178 354 2263 perscrutanda
375 2175 637 2259 consulendaqne
660 2174 842 2262 aggrediar.
876 2175 961 2242 Tota
982 2179 1067 2243 enim
1090 2180 1238 2244 testimo·

122 2290 184 2352 niis
217 2287 357 2350 vitarum
389 2283 664 2366 recognoscendis
691 2293 725 2347 et
746 2283 968 2367 dijudicandis
1002 2287 1238 2370 continebatur,

122 2419 186 2479 qua
208 2392 444 2478 disceptatione
466 2412 552 2454 nuno
574 2389 791 2474 qualicunque
807 2391 905 2485 modo
921 2393 1013 2459 finita
1030 2396 1073 2476 si,
1096 2405 1142 2479 ut,
1159 2398 1237 2481 quid

122 2505 197 2569 inde
224 2504 266 2569 ad
287 2501 508 2590 cognitionem
536 2501 622 2566 vitae
650 2500 824 2569 duvenalis
858 2501 978 2567 hauriri
1000 2514 1129 2589 posset,
1151 2517 1237 2573 certe

121 2618 269 2701 clareque
291 2635 487 2699 exponerem
508 2611 586 2676 mihi
608 2612 761 2700 contigit,
784 2613 902 2679 haecce
929 2613 996 2680 sere
1019 2617 1105 2682 vitae
1127 2618 1238 2683 adum-

120 2728 236 2810 bratio,
260 2734 404 2790 veterum
420 2723 616 2788 testimoniis
633 2722 872 2806 commendata,
890 2724 1020 2808 evadet,
1038 2749 1133 2812 quam
1150 2752 1236 2794 nuno

120 2839 264 2903 breviter
286 2835 509 2923 descripturus
532 2831 690 2897 nonnulla
705 2855 745 2896 ex
761 2834 870 2897 satiris
888 2837 957 2917 ejus
974 2837 1135 2922 adjiciam,
1154 2855 1236 2920 quae

121 2949 162 3013 ad
184 2956 304 3012 certam
325 2942 484 3030 temporis
506 2940 726 3006 definitionem
749 2964 816 3005 non
837 2944 1011 3028 pertinent.

104 3056 105 3060 ’
222 3057 367 3147 Primum
390 3051 529 3116 vidimus
552 3050 723 3116 Decimum
740 3050 876 3117 lunium
892 3051 1085 3122 iuvenalem
1101 3059 1234 3143 Aquini,

120 3161 1228 3255 mwffloWMmmifflmmmommffimffimm

120 3293 204 3363 tum,
226 3286 262 3341 ut
284 3273 536 3369 scriptorqvitae
558 3270 576 3334 I
597 3280 743 3353 testatur,
771 3297 847 3338 num
878 3273 1022 3341 libertini
1052 3275 1224 3364 locupletis

120 3392 208 3456 filius
231 3411 272 3452 an
295 3387 442 3451 alumnus
464 3384 572 3450 luerit.
614 3381 742 3449 Locum
769 3385 908 3449 natalem
933 3369 1102 3454 commode
1128 3389 1235 3455 firmat

122 3496 412 3570 mmmm:

326 3611 410 3661 Roma
427 3616 472 3658 tuo
490 3609 561 3658 refici
578 3617 757 3673 properantem
775 3609 867 3659 reddet
883 3610 997 3675 Aquino.

122 3717 323 3732 ..r-„bu-

224 3813 247 3873 1)
264 3811 327 3861 vid.
344 3808 508 3873 Marquardt.
525 3807 543 3858 l.
562 3823 583 3856 e.
602 3823 625 3870 p.
644 3805 693 3855 375
713 3814 739 3856 et
760 3820 820 3855 ann.
839 3807 914 3866 2130,
931 3806 974 3855 uhi
994 3806 1051 3856 coh.
1069 3808 1082 3855 Ι
1100 3809 1231 3861 Thracum

122 3925 169 3973 pro
188 3907 305 3970 exemplo
322 3905 440 3964 affertur,
454 3903 482 3951 in
497 3917 574 3967 quam
591 3903 748 3966 longinquas
761 3906 839 3965 atqua
852 3901 921 3951 inter
933 3914 961 3949 aa
975 3901 1165 3955 diversissimas
1183 3914 1233 3955 ter·

124 4016 166 4051 ras
185 3999 304 4065 singulae
326 3997 447 4047 cohortes
474 3996 627 4045 auxiliariae
648 3995 777 4044 interdum
800 3996 973 4058 transpositae
996 3994 1056 4043 sint.
1095 3996 1147 4047 Illa
1164 3999 1232 4046 enim

61 4146 62 4149 ,
124 4095 217 4146 cohors
235 4091 281 4141 suh
299 4091 463 4155 Vespasiano
481 4090 508 4138 in
526 4088 680 4148 Germania,
698 4087 745 4136 sub
762 4086 917 4137 Domitiano
935 4088 963 4136 in
979 4086 1095 4150 Judaea,
1113 4089 1161 4138 sub
1178 4091 1232 4137 An-

122 4189 213 4237 tonino
236 4184 285 4235 Pio
308 4185 335 4234 in
357 4183 506 4243 Pannonia,
529 4184 576 4233 sub
598 4181 695 4233 Severo
719 4189 746 4230 et
767 4180 907 4232 Caracalla
928 4181 955 4230 in
976 4178 1128 4241 Britannia,
1146 4195 1178 4232 ex
1195 4186 1231 4228 ta-

122 4281 244 4332 stimonio
261 4278 389 4339 Notitiae,
406 4278 433 4328 id
449 4282 489 4328 est
507 4279 576 4327 cirea
593 4292 635 4326 an.
652 4276 711 4338 400,
729 4277 755 4326 in
773 4275 875 4326 Arabia
890 4275 1015 4326 tetendit.
1248 4208 1305 4360 1
