2722 4658
107 218 110 223 -
175 187 218 251 44

133 381 170 443 ut
189 370 297 439 facere
325 395 390 439 nou
423 374 565 460 possim,
597 372 676 459 quin
705 395 778 439 oum
800 371 982 440 Ribbeckio
1006 371 1053 458 (in
1076 369 1184 456 praef.
1210 369 1266 435 ed.
1295 362 1298 378 '

132 469 226 568 Jur.)
250 483 404 566 sentiam,
427 484 482 568 qui
505 483 700 551 «quenalem
726 485 761 549 in
783 485 940 571 Aegypto
967 480 1097 565 quidem
1126 479 1268 547 exulas-

131 613 185 674 se,
201 592 236 657 in
252 592 424 658 Britannia
440 616 520 659 vero
536 592 651 658 militia
668 592 843 680 aliquando
862 594 1008 657 functum
1030 610 1103 655 esse
1126 587 1264 656 statuit.

129 702 241 788 Atque
256 725 330 769 eum
346 702 444 769 talem
460 703 647 790 opinionem
665 703 817 790 amplecti
834 702 869 767 id
885 726 951 768 non
964 697 1153 789 prohibuit,
1168 703 1264 786 quod

125 811 275 896 quintam
283 812 442 880 decimam
453 813 587 879 satiram
598 796 743 899 spuriam
750 812 920 900 judicavit.
941 811 1023 877 Inde
1033 804 1117 876 enim
1128 833 1264 895 omnes,

130 930 291 1008 quotquot
305 921 440 989 exilium
450 921 693 1008 Aegyptiacum
704 922 951 1008 impugnarunt,
963 920 1165 986 mentionem
1187 924 1264 1007 ejus

128 1031 263 1117 petitam
278 1052 353 1097 esse
370 1029 434 1095 sibi
449 1041 696 1116 persuaserunt,
715 1051 815 1114 quum
831 1037 931 1114 poeta
947 1030 1018 1125 ipse
1036 1030 1120 1094 aas
1139 1051 1180 1097 se
1192 1032 1264 1096 Ae-

47 1195 56 1206 .
127 1152 268 1228 gyptum
290 1141 408 1207 risisse
424 1140 607 1230 'significet-
651 1140 780 1226 Quibus
803 1140 953 1226 equidem
977 1141 1046 1208 sine
1068 1139 1136 1205 ulla
1160 1141 1271 1207 dubi--

127 1251 251 1317 tatione
273 1249 458 1335 assentirer,
481 1253 545 1320 nisi
562 1253 631 1338 jam
653 1252 687 1318 in
711 1249 938 1338 antiquissimo
960 1252 1068 1335 fonte,
1096 1253 1197 1337 cujus
1220 1252 1269 1316 fi-·

127 1345 312 1445 dissimum,
335 1369 372 1426 ut
392 1369 467 1428 ante
489 1362 573 1445 dixi,
595 1362 771 1449 imaginem
792 1362 947 1447 exprimit
968 1360 1091 1443 vital,
1114 1360 1262 1450 Aegyp-

130 1478 199 1537 tum
221 1481 504 1539 commemoratam
535 1471 638 1541 fnisse
666 1472 719 1538 rel
747 1471 822 1538 ideo
850 1471 946 1539 valde
978 1468 1148 1557 probabile
1172 1471 1262 1539 mihi

126 1581 300 1665 videretur,
339 1582 429 1668 quod
460 1604 596 1668 prorsus
637 1583 728 1651 nulla
760 1583 864 1670 hujus.
889 1581 1032 1648 nominis
1065 1580 1161 1667 quasi
1197 1607 1261 1669 po·

128 1693 247 1760 sterius
280 1692 384 1761 additi
417 1695 558 1782 vestigia
589 1716 727 1779 usquam
758 1694 959 1781 deprehendi
991 1700 1143 1780 possunt.
1204 1694 1261 1760 Ao

23 1834 25 1843 ¹
124 1804 203 1888 quin
230 1807 340 1891 ipsum
368 1805 500 1871 exilium
526 1806 602 1872 inde
629 1806 682 1871 ab
702 1806 938 1889 antiquissimis
961 1802 1164 1891 temporibus
1189 1813 1259 1873 tra-

124 1914 229 1980 ditum
260 1914 378 1998 fuerit,
410 1914 454 1980 id
471 1915 602 2000 quidem
628 1914 819 1981 indubium
847 1916 958 1997 venire
985 1913 1113 2004 nequit,
1137 1917 1266 2002 eujus,-

55 2022 58 2029 '
85 2051 93 2064 ·
123 2033 160 2089 ut
181 2024 228 2090 rei
251 2022 403 2108 omnibus
427 2024 627 2108 notissimae,
651 2021 809 2091 Sidonius
828 2024 1032 2111 Apollinaris
1048 2025 1281 2126 meminerit„

31 2152 39 2161 ‘
122 2131 333 2221 macc—sq.
356 2132 437 2201 haec
458 2134 589 2201 dicens:
1258 2142 1260 2147 ’

376 2281 434 2333 Nee
452 2283 498 2346 qui
516 2283 647 2332 consimili
665 2282 760 2333 deiude
779 2297 854 2345 casu,

375 2377 510 2442 :td-vulgi
527 2384 632 2448 tenuem
650 2378 789 2442 strepentis
806 2391 910 2438 auram,
973 2411 979 2422 ,

374 2470 441 2521 Irati
457 2469 509 2520 luit
525 2469 661 2522 histrionis
678 2471 751 2532 exul,

120 2604 203 2706 quae
234 2621 337 2686 verba
368 2621 410 2685 ad
443 2620 638 2686 Juvenalem
671 2618 842 2686 referenda
874 2643 947 2688 esse
980 2621 1077 2687 hodie
1111 2599 1250 2710 omnes,

119 2738 277 2826 quantum
305 2730 385 2813 scio,
418 2730 637 2795 consentiunt.
682 2728 906 2796 Nihilominus
939 2731 1036 2797 fidem
1069 2732 1167 2820 hujus
1197 2736 1262 2802 fa-·

119 2865 190 2907 mae
214 2841 293 2908 satis
316 2840 467 2927 antiquae
490 2847 523 2906 et
544 2840 725 2906 constantis
749 2840 873 2927 primus
891 2842 1018 2908 elevare
1034 2854 1172 2912 conatus
1195 2858 1254 2915 est

118 2952 300 3018 Franckius
315 2955 352 3038 ¹),
381 2974 475 3037 quem
506 2951 533 3018 si
563 2974 780 3036 sequeremur,
808 2952 864 3016 vix
886 2953 921 3017 in
942 2953 1009 3018 ulla
1031 2977 1065 3020 re
1088 2955 1140 3019 his
1165 2959 1249 3024 vitis

39 3115 45 3120 .
119 3063 282 3129 confidere
300 3064 424 3129 liceret.
451 3062 525 3128 Nec
540 3062 674 3146 desunt,
692 3065 815 3146 quiens
828 3086 868 3129 ex
886 3065 1079 3149 quibusdam
1092 3066 1248 3153 singulos

120 3174 291 3239 satirarum
309 3175 331 3239 J
334 3174 481 3240 uven'alis
497 3173 590 3260 locos
608 3173 844 3258 interpretandi
861 3175 1083 3241 conaminibus
1100 3184 1190 3241 ortas
1211 3188 1249 3242 et

118 3282 277 3374 conflatas
301 3305 373 3347 esse
395 3283 644 3369 credideriut).
677 3283 726 3348 At
746 3291 893 3377 praestat
914 3282 1000 3348 haud
1022 3283 1119 3350 dubia
1141 3285 1256 3357 talem·

118 3392 319 3480 dijudicandi
341 3393 499 3460 rationem
521 3416 692 3479 quaerere,
711 3373 757 3485 ut
772 3396 894 3477 omnia,
913 3416 994 3479 quae
1014 3398 1119 3479 neque
1142 3417 1184 3460 ex
1207 3419 1245 3462 se

116 3520 232 3590 parum
254 3503 444 3570 verisimilia
465 3526 570 3588 nequo
593 3527 633 3570 ex
656 3513 837 3572 ceterarum
858 3507 1101 3591 comparatione
1124 3516 1245 3590 postea

218 3755 239 3814 ¹)
259 3755 290 3802 In
309 3755 486 3818 disputatione
505 3769 553 3804 sua
572 3756 628 3820 jam
651 3756 755 3819 saepius
777 3755 899 3816 laudata,
927 3769 993 3819 qnae
1016 3753 1150 3805 '’Examen
1169 3757 1241 3805 oriti-

115 3859 172 3893 eum
191 3848 258 3896 vitae
276 3847 292 3896 J
297 3844 431 3897 1u·e11alis’'
451 3847 607 3910 inscribitur,
625 3850 667 3898 cni
679 3847 858 3898 defensionem
873 3847 1004 3913 quandam
1018 3849 1122 3912 paravit
1136 3847 1239 3910 ”Quae-

114 3940 199 3988 urone
218 3942 301 3989 auara
319 3942 351 3990 oe
369 3942 423 3990 vita
440 3938 593 3990 Juvenaur'
612 3941 684 4010 esua
701 3919 825 4005 (uoipau
845 3941 929 4003 1827).
1025 3997 1028 4007 ¹

217 4067 238 4128 ²)
257 4064 324 4116 Sunt
341 4067 549 4118 Dueutzerus
567 4071 595 4118 iu
614 4067 689 4118 Neue
706 4067 799 4118 Jahrb.
818 4068 849 4118 Τ.
864 4067 955 4132 Suppl.
973 4067 1011 4116 VI
1031 4084 1054 4133 p.
1073 4069 1192 4120 374-79
1213 4080 1239 4120 et

10 4200 16 4213 1
115 4160 283 4224 Kompiius
301 4161 328 4210 in
346 4161 436 4212 libello
453 4163 508 4227 J'am
528 4168 740 4223 commemorato,
760 4163 803 4226 qui
823 4160 930 4212 Observ.
950 4162 976 4210 in
994 4161 1055 4212 dur·
1067 4162 1167 4228 aliqu'ut
1185 4166 1238 4217 loo.

116 4254 220 4319 interpr.
240 4253 397 4304 inscribitur.
